%% This BibTeX bibliography file was created using BibDesk.
%% http://bibdesk.sourceforge.net/


%% Created for amir at 2010-12-10 03:31:30 -0700 


%% Saved with string encoding Unicode (UTF-8) 



@phdthesis{rjm_diss,
	Author = {Randall J. McDermott},
	Date-Added = {2010-12-10 03:27:28 -0700},
	Date-Modified = {2010-12-10 03:30:46 -0700},
	Keywords = {taylor_vortex},
	School = {The University of Utah},
	Title = {TOWARD ONE-DIMENSIONAL TURBULENCE SUBGRID CLOSURE FOR LARGE-EDDY SIMULATION}}
