%% This BibTeX bibliography file was created using BibDesk.
%% http://bibdesk.sourceforge.net/


%% Created for JacquelineBeckvermit at 2013-06-04 11:18:46 -0600 


%% Saved with string encoding Unicode (UTF-8) 



@conference{flameProp,
	Author = {S. F. Son and B. W. Asay and E. M. Whitney and H. L. Berghout},
	Booktitle = {{Combustion Institute}},
	Date-Added = {2013-06-04 11:17:27 -0600},
	Date-Modified = {2013-06-04 11:18:45 -0600},
	Editor = {Elsevier},
	Pages = {2063-2070},
	Title = {{Flame spread across surfaces of PBX 9501}},
	Volume = {31},
	Year = {2007}}

@book{ref:laney,
	Address = {Cambridge},
	Author = {C. B. Laney},
	Publisher = {Cambridge University Press},
	Title = {Computational Gasdynamics},
	Year = {1998}}

@book{ref:bejan,
	Address = {USA},
	Author = {A. Bejan},
	Pages = {724-725},
	Publisher = {John Wiley and Sons},
	Title = {Advanced Engineering Thermodynamics},
	Year = {1988}}

@book{ref:Saad,
	Address = {New Jersey},
	Author = {M. A. Saad},
	Publisher = {Prentice-Hall},
	Title = {Compressible Fluid Flow},
	Year = {1985}}

@book{ref:thompson,
	Address = {New York},
	Author = {P. A. Thompson},
	Publisher = {McGraw-Hill},
	Title = {Compressible-Fluid Dynamics},
	Year = {1988}}

@book{ref:toro,
	Address = {Berlin Heidelberg},
	Author = {E. F. Toro},
	Publisher = {Springer},
	Title = {Riemann Solvers and Numerical Methods for Fluid Dynamics},
	Year = {1997}}

@book{ref:white,
	Author = {F. M. White},
	Publisher = {McGraw-Hill},
	Title = {Viscous Fluid Flow, 2nd Edition},
	Year = {1991}}

@book{ref:gathers,
	Address = {River Edge, NJ},
	Author = {G. R. Gathers},
	Publisher = {World Scientific},
	Title = {Selected Topics in Shock Wave Physics and Equation of State Modeling},
	Year = {1994}}
       
@book{ref:Panton,
	Author = {Ronald L. Panton},
	Publisher = {Wily-Interscience},
	Title = {Incompressible Flow},
	Year = {1984}}   

@inproceedings{ref:hypre,
	Author = {Falgout, R.D. and Jones, J.E. and Yang, U.M.},
	Booktitle = {Numerical Solution of Partial Differential Equations on Parallel Computers},
	Editor = {A.M. Bruaset and A. Tveito},
	Publisher = {Springer-Verlag},
	Series = {Lecture Notes in Computational Science and Engineering},
	Title = {The Design and Implementation of hypre, a Library of Parallel High Performance Preconditioners},
	Year = {2006}}

@article{ref:sod,
	Author = {G. A. Sod},
	Journal = {J. Comput. Phys},
	Pages = {1-31},
	Title = {A Survey of Several Finite Difference Methods for Systems of Nonlinear Hyperbolic Conservation Laws},
	Volume = {27},
	Year = {1978}}

@article{ref:Thomsen,
	Author = {J. S. Thomsen and T. J. Hartka},
	Journal = {Am. J. Phys.},
	Pages = {26-33},
	Title = {Strange Carnot cycles; thermodynamics fo a system with a density extremum},
	Volume = {30},
	Year = {1962}}

@article{ref:schulz_collins_glaz,
	Author = {C. W. Schulz-Rinne, J. P. Collins and H. M. Glaz},
	Journal = {J. Comput. Phys},
	Pages = {1394-1414},
	Title = {Numerical Solution of the Riemann Problem for Two-Dimensional Gas Dynamics},
	Volume = {14},
	Year = {1993}}

@article{fourthmit,
	Author = {J.E. Guilkey and T.B. Harman and B. Banerjee},
	Journal = {Computers and Structures},
	Pages = {660-674},
	Title = {An Eulerian-Lagrangian Approach for Simulating Explosions of Energetic Devices},
	Volume = {85},
	Year = {2007}}

@article{harlowamsden68,
	Author = {F.H. Harlow and A.A. Amsden},
	Journal = {J. Comp. Phys.},
	Pages = {80-93},
	Title = {Numerical Calculation of Almost Incompressible Flow},
	Volume = {3},
	Year = {1968}}

@article{kashiwalewis,
	Author = {Kashiwa, B.A. and Lewis, M.W},
	Journal = {LA-13255-PR},
	Pages = {283-295},
	Title = {Fluid-structure interaction modeling},
	Volume = {1},
	Year = {1997}}

@techreport{kashiwaCCICE94,
	Address = {Los Alamos},
	Author = {B.A. Kashiwa and R.M. Rauenzahn},
	Institution = {Los Alamos National Laboratory},
	Number = {LA-UR-93-3922},
	Title = {A Cell-Centered {ICE} Method for Multiphase Flow Simulations},
	Year = {1994}}

@techreport{kashiwaICE94,
	Address = {Los Alamos},
	Author = {B.A. Kashiwa and R.M. Rauenzahn},
	Institution = {Los Alamos National Laboratory},
	Number = {LA-UR-94-771},
	Title = {A Multimaterial Formalism},
	Year = {1994}}

@article{kashiwaJCP98,
	Author = {W.B. VanderHeyden and B.A. Kashiwa},
	Journal = {J. Comp. Phys.},
	Pages = {1-28},
	Title = {Compatible Fluxes for van Leer Advection},
	Volume = {146},
	Year = {1998}}

@techreport{kashiwa2000,
	Address = {Los Alamos},
	Author = {B.A. Kashiwa},
	Institution = {Los Alamos National Laboratory},
	Number = {LA-UR-01-1136},
	Title = {A multifield Model and Method for Fluid-Structure Interaction Dynamics},
	Year = {2001}}

@techreport{kashiwaetal96,
	Address = {Los Alamos},
	Author = {B.A. Kashiwa and M.L. Lewis and T.L. Wilson},
	Institution = {Los Alamos National Laboratory},
	Number = {LA-13111-PR},
	Title = {Fluid-Structure Interaction Modeling},
	Year = {1996}}

@techreport{lewisetal97,
	Address = {Los Alamos},
	Author = {M.L. Lewis and B.A. Kashiwa and R.M. Rauenzahn},
	Institution = {Los Alamos National Laboratory},
	Number = {LA-UR-97-4873},
	Title = {Hydrodynamic Ram Modeling With the Immersed Boundary Method},
	Year = {1997}}

@article{ref:Liska_Wendroff,
	Author = {R. Liska and B. Wendroff},
	Journal = {J. Comput. Phys},
	Pages = {995-1017},
	Title = {Comparison of several difference schemes on 1D and 2D test problems for the Euler Equations},
	Volume = {25},
	Year = {2003}}

@article{ref:JWL,
	Author = {P. C. Souers S. Anderson J. Mercer E. McGuire and P. Vitello},
	Journal = {Propellants, Explosives, Pyrotechnics},
	Pages = {54-58},
	Title = {JWL++: A Simple Reactive Flow Code Package for Detonation},
	Volume = {25},
	Year = {2000}}

@article{ref:Sutherland,
	Author = {J. C. Sutherland and C.A, Kenndey},
	Journal = {Journal of Computational Physics},
	Pages = {502-524},
	Title = {Improved Boundary conditions for viscous, reacting compressible flows},
	Volume = {191},
	Year = {2003}}

@article{ref:vyazovkinwight,
	Author = {V. Sergey and C.A. Wight},
	Journal = {Journal of Physical Chemistry A},
	Pages = {8279-8284},
	Title = {Isothermal and Nonisothermal reaction Kinetics in Solids: In Search of Ways toward Consensus},
	Volume = {101},
	Year = {1997}}

@article{ref:khawamflanagan,
	Author = {A. Khawam and D.R. Flanagan},
	Journal = {Journal of Pharmaceutical Science},
	Pages = {472-498},
	Title = {Basics and application of solid-stat kinetics: A pharmaceutical perspective},
	Volume = {95},
	Year = {2006}}

@article{ref:finlinson1,
	Author = {Finlinson, J.C. and Stalnaker, R. and Blomshield F.S.},
	Journal = {Proceedings of 36th JANNAF Combustion Meeting},
	Title = {HMX and RDX T-burner pressure coupled response at 200, 500, and 1000 psi},
	Year = {1999}}

@article{ref:wardsonbrewster,
	Author = {M.J. Ward and S.F. Son and M.Q. Brewster},
	Journal = {Combustion and Flame},
	Pages = {556-568},
	Title = {Steady Deflagration of HMX With Simple Kinetics: A Gas Phase Chain Reaction Model},
	Volume = {114},
	Year = {1998}}

@article{ref:wighteddings,
	Author = {C.A. Wight and E.G. Eddings},
	Journal = {Advancements in Energetic Materials and Chemical Propulsion},
	Pages = {921-937},
	Title = {Science-Based Simulation Tools for Hazard Assessment and Mitigation},
	Year = {2008}}

@article{ref:Berghout2002,
	Author = {H.L. Berghout and S.F. Son and C.B. skidmore and D.J. Idar and B.W. Asay},
	Journal = {Thermochimica Acta},
	Pages = {261-277},
	Title = {Combustion of damaged PBX 9501 explosive},
	Year = {2002}}

@article{ref:Lee1980,
	Author = {E.L. Lee and C.M. Tarver},
	Journal = {Physics of Fluids},
	Pages = {2362-2372},
	Title = {Phenomenological Model of Shock Initiation in Heterogeneouse Explosives},
	Year = {1980}}

@article{ref:Peterson2012,
	Author = {J.R. Peterson and C.A. Wight},
	Journal = {Combustion and Flame},
	Pages = {2491-2499},
	Title = {An Eulerian-Lagrangian computational model for deflagration and detonation of high explosives},
	Year = {2012}}

@article{ref:Ghia,
	Author = {U. Ghia, K. N. Ghia, and C. T. Shin},
	Journal = {Journal of Computational Physics 48},
	Pages = {387-411},
	Title = {High-Re Solutions for Incompressible Flow Using the Navier-Stokes Equations and a Multigrid Method},
	Year = {1982}}
