@book{ref:laney,
author    = "C. B. Laney",
title     = "Computational Gasdynamics",
publisher = "Cambridge University Press",
year      = "1998",
address   = "Cambridge"}

@book{ref:bejan,
author    = "A. Bejan",
title     = "Advanced Engineering Thermodynamics",
publisher = "John Wiley and Sons",
year      = "1988",
pages     = "724-725",
address   = "USA"}

@book{ref:Saad,
author    = "M. A. Saad",
title     = "Compressible Fluid Flow",
publisher = "Prentice-Hall",
address   = "New Jersey",
year      = "1985"}

@book{ref:thompson,
author    = "P. A. Thompson",
title     = "Compressible-Fluid Dynamics",
publisher = "McGraw-Hill",
year      = "1988",
address   = "New York"}

@book{ref:toro,
author    = "E. F. Toro",
title     = "Riemann Solvers and Numerical Methods for Fluid Dynamics",
publisher = "Springer",
year      = "1997",
address   = "Berlin Heidelberg"}

@book{ref:white,
author    = "F. M. White",
title     = "Viscous Fluid Flow, 2nd Edition",
publisher = "McGraw-Hill",
year      = "1991"}
 
@book{ref:gathers,
author    = "G. R. Gathers",
title     = "Selected Topics in Shock Wave Physics and Equation of State Modeling",
publisher = "World Scientific",
year      = "1994",
address   = "River Edge, NJ"}

@INPROCEEDINGS{ref:hypre,
AUTHOR      = "Falgout, R.D. and Jones, J.E. and Yang, U.M.",
TITLE       = "The Design and Implementation of hypre, a Library of Parallel High Performance Preconditioners",
BOOKTITLE   = "Numerical Solution of Partial Differential Equations on Parallel Computers",
YEAR        = "2006",
EDITOR      = "A.M. Bruaset and A. Tveito",
SERIES      = "Lecture Notes in Computational Science and Engineering",
PUBLISHER   = "Springer-Verlag"}

@article{ref:sod,
author  = "G. A. Sod",
title   = "A Survey of Several Finite Difference Methods for Systems of Nonlinear Hyperbolic Conservation Laws",
journal = "J. Comput. Phys",
volume  = "27",
pages   = "1-31",
year    = "1978"}

@article{ref:Thomsen,
author  = "J. S. Thomsen and T. J. Hartka",
title   = "Strange Carnot cycles; thermodynamics fo a system with a density extremum",
journal = "Am. J. Phys.",
volume  = "30",
pages   = "26-33",
year    = "1962"}

@article{ref:schulz_collins_glaz,
author  = "C. W. Schulz-Rinne, J. P. Collins and H. M. Glaz",
title   = "Numerical Solution of the Riemann Problem for Two-Dimensional Gas Dynamics",
journal = "J. Comput. Phys",
volume  = "14",
pages   = "1394-1414",
year    = "1993"}

@ARTICLE{fourthmit,
         AUTHOR = "J.E. Guilkey and T.B. Harman and B. Banerjee",
         TITLE = "An Eulerian-Lagrangian Approach for Simulating Explosions of Energetic Devices",
         JOURNAL = "Computers and Structures",
         VOLUME = "85",
         PAGES = "660-674",
         YEAR = "2007"}

@ARTICLE{harlowamsden68,
        AUTHOR = "F.H. Harlow and A.A. Amsden",
        TITLE = "Numerical Calculation of Almost Incompressible Flow",
        JOURNAL = "J. Comp. Phys.",
        VOLUME = "3",
        PAGES = "80-93",
        YEAR = "1968"}

@ARTICLE{kashiwalewis,
AUTHOR = "Kashiwa, B.A. and Lewis, M.W",
TITLE  = "Fluid-structure interaction modeling",
JOURNAL= "LA-13255-PR",
YEAR   = "1997",
VOLUME = "1",
PAGES  = "283-295" }

@TECHREPORT{kashiwaCCICE94,
AUTHOR      = "B.A. Kashiwa and R.M. Rauenzahn",
TITLE       = "A Cell-Centered {ICE} Method for Multiphase Flow Simulations",
INSTITUTION = "Los Alamos National Laboratory",
NUMBER      = "LA-UR-93-3922",
ADDRESS     = "Los Alamos",
year        = "1994"}

@TECHREPORT{kashiwaICE94,
AUTHOR      = "B.A. Kashiwa and R.M. Rauenzahn",
TITLE       = "A Multimaterial Formalism",
INSTITUTION = "Los Alamos National Laboratory",
NUMBER      = "LA-UR-94-771",
ADDRESS     = "Los Alamos",
year        = "1994"}

@ARTICLE{kashiwaJCP98,
AUTHOR      = "W.B. VanderHeyden and B.A. Kashiwa",
TITLE       = "Compatible Fluxes for van Leer Advection",
JOURNAL     = "J. Comp. Phys.",
VOLUME      = "146",
PAGES       = "1-28",
YEAR        = "1998"}

@TECHREPORT{kashiwa2000,
AUTHOR      = "B.A. Kashiwa",
TITLE       = "A multifield Model and Method for Fluid-Structure Interaction Dynamics",
INSTITUTION = "Los Alamos National Laboratory",
NUMBER      = "LA-UR-01-1136",
ADDRESS     = "Los Alamos",
YEAR        = "2001"}

@TECHREPORT{kashiwaetal96, 
AUTHOR      = "B.A. Kashiwa and M.L. Lewis and T.L. Wilson",
TITLE       = "Fluid-Structure Interaction Modeling", 
INSTITUTION = "Los Alamos National Laboratory", 
NUMBER      = "LA-13111-PR",
ADDRESS     = "Los Alamos",
YEAR        = "1996"}

@techreport{lewisetal97,
AUTHOR      = "M.L. Lewis and B.A. Kashiwa and R.M. Rauenzahn",
TITLE       = "Hydrodynamic Ram Modeling With the Immersed Boundary Method",
INSTITUTION = "Los Alamos National Laboratory",
NUMBER      = "LA-UR-97-4873",
ADDRESS     = "Los Alamos",
YEAR        = "1997"}

@article{ref:Liska_Wendroff,
author  = "R. Liska and B. Wendroff",
title   = "Comparison of several difference schemes on 1D and 2D test problems for the Euler Equations",
journal = "J. Comput. Phys",
volume  = "25",
pages   = "995-1017",
year    = "2003"}


@article{ref:JWL,
author  = "P. C. Souers S. Anderson J. Mercer E. McGuire and P. Vitello",
title   = "JWL++:  A Simple Reactive Flow Code Package for Detonation",
journal = "Propellants, Explosives, Pyrotechnics",
volume  = "25",
pages   = "54-58",
year    = "2000"}

@article{ref:Sutherland,
author  = "J. C. Sutherland and  C.A, Kenndey",
title   = "Improved Boundary conditions for viscous, reacting compressible flows",
journal = "Journal of Computational Physics",
volume  = "191",
year    = "2003", 
pages   = "502-524" }

% bibliography entries for Burn Model section

@ARTICLE{ref:finlinson1,
	AUTHOR = "Finlinson, J.C. and Stalnaker, R. and Blomshield F.S.",
	TITLE = "HMX and RDX T-burner pressure coupled response at 200, 500, and 1000 psi",
	JOURNAL = "Proceedings of 36th JANNAF Combustion Meeting",
	YEAR = "1999"           }

@ARTICLE{ref:wardsonbrewster,
	AUTHOR = "Ward, M.J. and Son, S.F. and Brewster, M.Q.",
	TITLE = "Steady Deflagration of HMX With Simple Kinetics: A Gas Phase Chain Reaction Model",
	JOURNAL = "Combustion and Flame",
	YEAR = "1998",
        VOLUME = "114",
	PAGES = "556-568"       }

@ARTICLE{ref:wighteddings,
	AUTHOR = "Wight, C.A. and Eddings, E.G.",
	TITLE = "Science-Based Simulation Tools for Hazard Assessment and Mitigation",
	JOURNAL = "Advancements in Energetic Materials and Chemical Propulsion",
	YEAR = "2008",
	PAGES = "921-937"       }