@Article{SCI:Men2014b,
  author =    "Q. Meng and M. Berzins",
  title =     "Scalable large-scale fluid-structure interaction
              solvers in the Uintah framework via hybrid
              task-based parallelism algorithms",
  journal =   "Concurrency and Computation: Practice and
              Experience",
  volume =    "26",
  number =    "7",
  pages =     "1388--1407",
  year =      "2014",
  month =     "May",
  doi =       "10.1002/cpe",
  keywords =  "MPI, threads, Uintah, many core, lock free,
              fluid-structure interaction, c-safe",
  url =       "http://www.sci.utah.edu/publications/Men2014b/Meng_CCPE2013.pdf",
}

@InProceedings{SCI:Men2013d,
  author =    "Q. Meng and A. Humphrey and J. Schmidt and M.
              Berzins",
  title =     "Investigating Applications Portability with the
              Uintah {DAG-based} Runtime System on {PetaScale}
              Supercomputers",
  booktitle = "Proceedings of SC13: International Conference for
              High Performance Computing, Networking, Storage and
              Analysis",
  pages =     "96:1--96:12",
  year =      "2013",
  isbn =      "978-1-4503-2378-9",
  doi =       "10.1145/2503210.2503250",
  keywords =  "Blue Gene/Q, GPU, Xeon Phi, adaptive, application,
              co-processor, heterogeneous systems, hybrid
              parallelism, parallel, scalability, software,
              uintah, NETL",
  url =       "http://www.sci.utah.edu/publications/meng13/Meng_SC2013.pdf",
}

@InProceedings{SCI:Men2012b,
  author =    "Q. Meng and A. Humphrey and M. Berzins",
  title =     "The Uintah Framework: A Unified Heterogeneous Task
              Scheduling and Runtime System",
  booktitle = "Digital Proceedings of The International
              Conference for High Performance Computing,
              Networking, Storage and Analysis",
  pages =     "2441--2448",
  year =      "2012",
  note =      "SC’12 –2nd International Workshop on
              Domain-Specific Languages and High-Level Frameworks
              for High Performance Computing, WOLFHPC 2012",
  doi =       "10.1109/SCC.2012.6674233",
  url =       "http://www.sci.utah.edu/publications/Men2012b/uintah-wolfhpc12.pdf",
}

@Article{SCI:Lui2011a,
  author =    "J. Luitjens and M. Berzins",
  title =     "Scalable parallel regridding algorithms for
              block-structured adaptive mesh renement",
  journal =   "Concurrency And Computation: Practice And
              Experience",
  volume =    "23",
  number =    "13",
  pages =     "1522--1537",
  year =      "2011",
  publisher = "John Wiley \& Sons, Ltd.",
  issn =      "1532--0634",
  doi =       "10.1002/cpe.1719",
  keywords =  "adaptive mesh refinement, regridding, remeshing,
              scalability",
  url =       "http://www.sci.utah.edu/publications/Lui2011a/Luitjens-Berzins_CCPE2011.pdf",
}

@InProceedings{SCI:Lui2010a,
  author =    "J. Luitjens and M. Berzins",
  title =     "Improving the Performance of Uintah: A Large-Scale
              Adaptive Meshing Computational Framework",
  booktitle = "Proceedings of the 24th {IEEE} International
              Parallel and Distributed Processing Symposium
              ({IPDPS10})",
  pages =     "1--10",
  year =      "2010",
  location =  "Atlanta, GA",
  doi =       "10.1109/IPDPS.2010.5470437",
  keywords =  "csafe, c-safe, scirun, uintah, fires, explosions,
              simulation",
  url =       "http://www.sci.utah.edu/publications/luitjens10/Luitjens_ipdps2010.pdf",
}

@InProceedings{SCI:Men2010b,
  author =    "Q. Meng and J. Luitjens and M. Berzins",
  title =     "Dynamic Task Scheduling for the Uintah
              Framework",
  booktitle = "Proceedings of the 3rd {IEEE} Workshop on
              Many-Task Computing on Grids and Supercomputers
              ({MTAGS10})",
  pages =     "1--10",
  year =      "2010",
  doi =       "10.1109/MTAGS.2010.5699431",
  url =       "http://www.sci.utah.edu/publications/Men2010b/Meng_TaskSchedulingUintah2010.pdf",
}

@InProceedings{SCI:Hum2016a,
  author =    "A. Humphrey and D. Sunderland and T. Harman and M.
              Berzins",
  title =     "Radiative Heat Transfer Calculation on 16384 GPUs
              Using a Reverse Monte Carlo Ray Tracing Approach
              with Adaptive Mesh Refinement",
  booktitle = "2016 IEEE International Parallel and Distributed
              Processing Symposium Workshops (IPDPSW)",
  pages =     "1222-1231",
  year =      "2016",
  month =     "May",
  doi =       "10.1109/IPDPSW.2016.93",
  url =       "http://www.sci.utah.edu/publications/Hum2016a/ipdps-pdsec16.pdf",
}

@InCollection{SCI:Hum2015a,
  author =    "A. Humphrey and T. Harman and M. Berzins and P.
              Smith",
  title =     "A Scalable Algorithm for Radiative Heat Transfer
              Using Reverse Monte Carlo Ray Tracing",
  title_url = "http://dx.doi.org/10.1007/978-3-319-20119-1_16",
  booktitle = "High Performance Computing",
  volume =    "9137",
  pages =     "212-230",
  year =      "2015",
  editor =    "Kunkel, Julian M. and Ludwig, Thomas",
  series =    "Lecture Notes in Computer Science",
  publisher = "Springer International Publishing",
  isbn =      "978-3-319-20118-4",
  doi =       "10.1007/978-3-319-20119-1_16",
  keywords =  "Uintah; Radiation modeling; Parallel; Scalability;
              Adaptive mesh refinement; Simulation science;
              Titan",
  url =       "http://www.sci.utah.edu/publications/Hum2015a/humphrey_isc2015.pdf",
}

@InProceedings{SCI:Men2011a,
  author =    "Q. Meng and M. Berzins and J. Schmidt",
  title =     "Using Hybrid Parallelism to improve memory use in
              Uintah",
  booktitle = "Proceedings of the TeraGrid 2011 Conference",
  year =      "2011",
  publisher = "ACM",
  month =     "July",
  location =  "Salt Lake City, Utah",
  doi =       "10.1145/2016741.2016767",
  keywords =  "Uintah, C-SAFE, parallel computing",
  url =       "http://www.sci.utah.edu/publications/Men2011a/Meng_Tgrid11.pdf",
}
