@techreport{ICE,
author = "B. A. Kashiwa and N. T. Padial and 
         R. M. Rauenzahn and W.B. VanderHeyden",
title = "A Cell-Centered ICE Method for Multiphase Flow Simulations",
institution = "Los Alamos National Laboratory",
number = "LA-UR-93-3922",
year = "1994"}

@techreport{multimaterial,
author = "B. A. Kashiwa and R. M. Rauenzahn",
title = "A Multimaterial Formalism",
institution = "Los Alamos National Laboratory",
number = "LA-UR-94-771",
year = "1994"}

@techreport{apachie,
author = "J. D. Ramshaw J. K. Dukowicz",
title = "APACHE: A Generalized-Mesh Eulerian Computer Code for Multicomponent Chemically Reactive Fluid Flow",
institution = "Los Alamos National Laboratory",
number = "LA-7427",
year = "1979"}

@techreport{thesis,
author = "Bryan Kashiwa",
title = "Statistical Theory of Turbulent Incompressible Multimaterial Flow",
institution = "Los Alamos National Laboratory",
number = "LA-11088-T",
year = "1987"}

@article{vanleer,
author = "van Leer B.",
title = "Towards the Ultimate Conservative Difference Scheme. IV.  A New Approach to Numerical Convection",
journal = "J. Comput. Phys",
volume = "23",
pages = "276-299",
year = "1977"}

@article{casulli_greenspan,
author = "V. Casulli and D. Greenspan",
title = "Pressure Method for the Numerical Solution of Transient, Compressible Fluid Flows",
journal = "International Journal for Numerical Methods in Fluids ",
volume = "4",
pages = "1001-1012",
year = "1984"}

@book{bulgarelli,
author = "U. Bulgarelli and V. Casulli and D. Greenspan",
title = "Pressure Methods for the Numerical Solution of Free Surface Fluid Flows",
publisher = "Pineridge Press",
year = "1984",
address = "UK"}

@book{bird,
author = "R. B. Bird and W. E. Stewart and E. N. Lightfoot",
title = "Transport Phenomena",
publisher = "John Wiley and Sons",
year = "1960",
address = "New York"}

@book{fletcherv1,
author = "C. A. J. Fletcher",
title = "Computational Techniques for Fluid Dynamics",
volume  = "1",
edition = "2",
publisher = "Springer",
year = "1991",
pages = "pp. 277-283",
address = "New York"}

@book{tannehill,
author = "J. C. Tannehill and D. A. Anderson and R. H. Pletcher",
title = "Computational Fluid Mechanics and Heat Transfer",
publisher = "Taylor and Francis",
edition = "2",
year = "1997",
pages = "pp. 277-283",
address = "Washington, DC"}

@book{thompson,
author = "P. A. Thompson",
title = "Compressible-Fluid Dynamics",
publisher = "McGraw-Hill",
year = "1972",
address = "New York"}

@misc{Buckymeeting,
author = "Bryan Kashiwa",
title = "Personal Communication",
month = "Feb.",
year = "1999"}


@article{vanderheyden_kashiwa,
author = "W. B. VanderHeyden and B. A. Kashiwa",
title = "Compatible Fluxes for van Leer Advection",
journal = "Journal of Computational Physics",
volume = "114",
pages = "1-28",
year = "1998"}
