% References for Implicit Recipe

@STRING{ ceng    = " Computers in Engineering " }
@STRING{ cstruct = " Computers and Structures " }
@STRING{ ijnm  = " International Journal for Numerical Methods " }
@STRING{ ijnme = ijnm # " in Engineering " }
@STRING{ ijnmf = ijnm # " in Fluids " } 


@BOOK{bathe2,
	AUTHOR = "Bathe, K-J",
	TITLE = "Finite Element Procedures",
	ADDRESS = "New Jersey",
	PUBLISHER = "Prentice-Hall",
	YEAR = "1996"   }

@ARTICLE{babuska1,
	AUTHOR = "Babuska, I",
	TITLE = "The finite element method with Lagrangian multipliers",
	JOURNAL = "Num Math",
	YEAR = "1973",
	VOLUME = "20",
	PAGES = "179-192"       }

@ARTICLE{bard,
	AUTHOR = "Bardenhagen, S.G. and Brackbill, J.U. and Sulsky, D.",
	TITLE = "The material-point method for granular materials",
	JOURNAL = "Comput. Methods Appl. Mech. Engrg.",
	YEAR = "2000",
	VOLUME = "187",
	PAGES = "529-541"       }

@ARTICLE{bardgimp,
        AUTHOR = "S.G. Bardenhagen and E.M. Kober",
        YEAR = "2004",
        TITLE = "The Generalized Interpolation Material Point Method",
        JOURNAL = "Computer Modeling in Engineering and Sciences",
        VOLUME = "5",
        PAGES = "477-495"}

@ARTICLE{bard_contact,
	AUTHOR = "Bardenhagen, S.G. and Guilkey, J.E. and Roessig, K.M. and Brackbill, J.U. and Witzel, W.M. and Foster, J.C.",
        YEAR = "2001",
        TITLE = "An Improved Contact Algorithm for the Material Point Method and Application to Stress Propagation in Granular Material",
        JOURNAL = "Computer Modeling in Engineering and Sciences",
        VOLUME = "2",
        PAGES = "509-522"}

@BOOK{beer,
	AUTHOR = "Beer, F.P. and Johnston, E.R.",
	TITLE  = "Mechanics of Materials, Volume 2",
	ADDRESS= "New York",
	PUBLISHER = "McGraw-Hill",
	YEAR   = "1992" }

@BOOK{bertsekas1,
	AUTHOR = "Bertsekas, DP",
	TITLE = "Constrained Optimization and Lagrange Multiplier Methods",
	ADDRESS = "New York",
	PUBLISHER = "Academic Press",
	YEAR = "1982"   }

@ARTICLE{blatz1,
	AUTHOR = "Blatz, PJ and Ko, WL",
	TITLE = "Application of finite elastic theory to the deformation of rubbery materials",
	JOURNAL = "Trans Soc Rheology",
	YEAR = "1962",
	VOLUME = "VI",
	PAGES = "223-251",
	SUMMARY = "
	Describes the derivation of the Blatz-Ko material model
	for isotropic compressible rubbery materials.
	Experimental tests of strip biaxial and equibiaxial
	stretch using a uniaxial materials test machine."}

@ARTICLE{brackbill-ruppel86,
	AUTHOR = "J.U. Brackbill and H.M. Ruppel",
	TITLE = "FLIP: A Low-Dissipation, Particle-In-Cell Method for Fluid Flows in Two Dimensions",
	JOURNAL = "J. Comp. Phys.",
	VOLUME = "65",
	PAGES = "314-343",
	YEAR = "1986"}

@ARTICLE{brydonfoam,
        AUTHOR = "Brydon, A.D. and Bardenhagen, S.G. and Miller, E.A. and Seidler, G.T.",
        YEAR = "2005",
        TITLE = "Simulation of the Densification of Real Open-Celled Foam Microstructures",
        JOURNAL = "Journal of the Mechanics and Physics of Solids",
        VOLUME = "53",
        PAGES = "2638-2660"}

@ARTICLE{coleman1,
	AUTHOR = "Coleman, BD and Noll, W",
	TITLE = "Foundations of linear viscoelasticity",
	JOURNAL = "Rev Modern Physics",
	YEAR = "1961",
	VOLUME = "3",
	NUMBER = "2",
	PAGES = "239-249"	}

@ARTICLE{daphalapurkar,
	AUTHOR = "Daphalapurkar, N.P. and Lu, H. and Coker, D. and Komanduri, R.",
	TITLE = "Simulation of dynamic crack growth using the generalized interpolation material point (GIMP) method",
	JOURNAL = "Int. J. Fracture",
	YEAR = "2007",
	VOLUME = "143",
	PAGES = "79-102"	}

@ARTICLE{flory1,
	AUTHOR = "Flory, PJ",
	TITLE = "Thermodynamic relations for high elastic materials",
	JOURNAL = "Trans Faraday Soc",
	YEAR = "1961",
	VOLUME = "57",
	PAGES = "829-838"       }

@BOOK{fortin1,
	AUTHOR = "Fortin, M and Glowinski, R",
	TITLE = "Augmented Lagrangian Methods:  Applications to the Numerical
	Solution of Boundary-Value Problems",
	ADDRESS = "Amsterdam",
	PUBLISHER = "Elsevier Science Publishers",
	YEAR = "1983"   }

@ARTICLE{govindjee1,
	AUTHOR = "Govindjee, S and Simo, JC",
	TITLE = "Mullins' effect and the strain amplitude dependence of the storage modulus",
	JOURNAL = "Int J Solids Struct",
	YEAR = "1992",
	VOLUME = "29",
	PAGES = "1737-1751"     }

@BOOK{green1,
	AUTHOR = "Green, AE",
	TITLE = "Large Elastic Deformations",
	ADDRESS = "Oxford, England",
	PUBLISHER = "Clarendon Press",
	YEAR = "1970"   }

@ARTICLE{guedes1,
	AUTHOR = "Guedes, JM",
	TITLE = "Nonlinear computational models for composite materials using homogenization",
	JOURNAL = "Ph.D. Dissertation",
	YEAR = "1990",
	VOLUME = "University of Michigan",
	PAGES = "" }

@ARTICLE{guedes2,
	AUTHOR = "Guedes, JM and Kikuchi, N",
	TITLE = "Preprocessing and postprocessing for materials based on the 
	homogenization method with adaptive finite element solutions",
	JOURNAL = "Comp Meth Appl Mech Eng",
	YEAR = "1990",
	VOLUME = "83",
	PAGES = "143-198" }

@ARTICLE{GuoNairn,
	AUTHOR = "Guo, Y and Nairn, JA",
	TITLE = "Three-dimensional dynamic fracture analysis using the
                 material point method", 
	JOURNAL = "Computer Modeling in Engineering and Sciences",
	YEAR = "2004",
	VOLUME = "6",
	PAGES = "295-308" }

@ARTICLE{harlow1963,
	AUTHOR = "Harlow, F.H.",
	TITLE  = "The particle-in-cell computing method for fluid dynamics",
	JOURNAL= "Methods Comput. Phys.",
	YEAR   = "1963",
	VOLUME = "3",
	PAGES  = "319-343" }

@ARTICLE{hashin1,
	AUTHOR = "Hashin, Z and Rosen, BW",
	TITLE = "The elastic moduli of fiber-reinforced materials",
	JOURNAL = "ASME J Appl Mech",
	YEAR = "1964",
	VOLUME = "31",
	PAGES = "223-232"      }

@ARTICLE{hill1,
	AUTHOR = "Hill, R",
	TITLE = "Theory of mechanical properties of fibre-strengthened
	materials: {I}. {E}lastic behavior",
	JOURNAL = "J Mech Phys Solids",
	YEAR = "1964",
	VOLUME = "12",
	PAGES = "199-212" }

@ARTICLE{hughes1,
	AUTHOR = "Hughes, TJR",
	TITLE = "Generalization of selective integration procedures to anisotropic and nonlinear media",
	JOURNAL = "Int J Numer Methods Eng",
	YEAR = "1980",
	VOLUME = "15",
	PAGES = "1413-1418"     }

@ARTICLE{jinmaCMES2006,
	AUTHOR = "J. Ma and H. Lu and R. Komanduri",
	YEAR = "2006",
	TITLE = "Structured Mesh Refinement in Generalized Interpolation Material Point Method (GIMP) for Simulation of Dynamic Problems",
	JOURNAL = "Computer Modeling in Engineering and Sciences",
	VOLUME = "12",
	PAGES = "213-227"}

@ARTICLE{kashiwalewis,
	AUTHOR = "Kashiwa, B.A. and Lewis, M.W",
	TITLE  = "Fluid-structure interaction modeling",
	JOURNAL= "LA-13255-PR",
	YEAR   = "1997",
	VOLUME = "1",
	PAGES  = "283-295" }

@TECHREPORT{kashiwa2000,
        AUTHOR = "B.A. Kashiwa",
        TITLE = "A multifield Model and Method for Fluid-Structure Interaction Dynamics",
        INSTITUTION = "Los Alamos National Laboratory",
        NUMBER = "LA-UR-01-1136",
        ADDRESS = "Los Alamos",
        YEAR = "2001"}

@ARTICLE{key1,
	AUTHOR = "Key, SW",
	TITLE = "A variational principle for incompressible and nearly-incompressible anisotropic elasticity",
	JOURNAL = "Int J Solids Struct",
	YEAR = "1969",
	VOLUME = "5",
	PAGES = "951-964"       }

@BOOK{lurie1,
	AUTHOR = "Lurie, AI",
	TITLE = "Nonlinear Theory of Elasticity",
	ADDRESS = "Amsterdam",
	PUBLISHER = "North-Holland",
	YEAR = "1990"           }

@ARTICLE{maker1,
	AUTHOR = "Maker, BN and Ferencz, RM and Hallquist JO",
	TITLE = "NIKE3D:  A nonlinear, implicit, three-dimensional finite element code for solid and structural mechanics",
	JOURNAL = "Lawrence Livermore National Laboratory Technical Report",
	YEAR = "1990",
	NUMBER = "UCRL-MA-105268"       }

@ARTICLE{malkus1,
	AUTHOR = "Malkus, DS",
	TITLE = "Finite elements with penalties in nonlinear elasticity",
	JOURNAL = "Int J Numer Methods Eng",
	YEAR = "1980",
	VOLUME = "16",
	PAGES = "121-136" }

@ARTICLE{malkus2,
	AUTHOR = "Malkus, DS and Hughes, TJR",
	TITLE = "Mixed finite element methods - reduced and selective integration
        techniques:  A unification of concepts",
	JOURNAL = "Comp Meth Appl Mech Eng",
	YEAR = "1978",
	VOLUME = "15",
	PAGES = "63-81" }

@ARTICLE{marquart1,
	AUTHOR = "Marquart, D",
	TITLE = "An algorithm for least-squares estimation of nonlinear parameters",
	JOURNAL = "SIAM Journal of Applied Mathematics",
	YEAR = "1963",
	VOLUME = "11",
	PAGES = "431-441"	}

@BOOK{marsden1,
	AUTHOR = "Marsden, JE and Hughes, TJR",
	TITLE = "The Mathematical Foundations of Elascitity",
	ADDRESS = "New York",
	PUBLISHER = "Dover Publications, Inc.",
	YEAR = "1993"   }

@ARTICLE{matthies,
	AUTHOR = "Matthies, H and Strang, G",
	TITLE = "The solution of nonlinear finite element equations",
	JOURNAL = "Int J Numer Methods Eng",
	YEAR = "1979",
	VOLUME = "14",
	PAGES = "1613-1626"     }

@INPROCEEDINGS{Menikoff2003,
    AUTHOR       = "Menikoff, R. and Sewell, T.D.",
    TITLE        = "Complete EQuation of State for beta-HMX and Implications for Initiation",
    BOOKTITLE    = "APS Topical Conference Shock Compression of Condensed Matter",
    YEAR         = 2003,
    ORGANIZATION = "APS",
    ADDRESS      = "Portland, Oregon",
    }

@INPROCEEDINGS{Zocher2000,
    AUTHOR       = "Zocher, M. A. and Maudlin, P. J. and Chen, S. R. and
                    Flower-Maudlin, E. C.",
    TITLE        = "An evaluation of several hardening models using Taylor
                    cylinder impact data",
    BOOKTITLE    = "Proc., European Congress on Computational Methods in
                    Applied Sciences and Engineering",
    YEAR         = 2000,
    ORGANIZATION = "ECCOMAS",
    ADDRESS      = "Barcelona, Spain",
    }

@ARTICLE{mooney1,
	AUTHOR = "Mooney, M",
	TITLE = "A theory of large elastic deformation",
	JOURNAL = "J Appl Phys",
	YEAR = "1940",
	VOLUME = "11",
	PAGES = "582-592"     }

@ARTICLE{nagtegaal1,
	AUTHOR = "Nagtegaal, JC and Parks, DM and Rice, JR",
	TITLE = "On numerically accurate finite element solutions in the fully plastic range",
	JOURNAL = "Comp Meth Appl Mech Eng",
	YEAR = "1974",
	VOLUME = "4",
	PAGES = "153-177"       }

@ARTICLE{neubert1,
	AUTHOR = "Neubert, HKP",
	TITLE = "A simple model representing internal damping in solid materials",
	JOURNAL = "Aeronautical Quarterly",
	YEAR = "1963",
	VOLUME = "14",
	PAGES = "187-210"       }

@ARTICLE{newmark1,
	AUTHOR = "Newmark, NM",
	TITLE = "A method of computation for structural dynamics",
	JOURNAL = "ASCE J Eng Mech Div",
	YEAR = "1959",
	VOLUME = "85",
	PAGES = "67-94"       }

@ARTICLE{oden1,
	AUTHOR = "Oden, JT and Kikuchi, N",
	TITLE = "Finite element methods for constrained problems in elasticity",
	JOURNAL = "Int J Numer Methods Eng",
	YEAR = "1982",
	VOLUME = "18",
	PAGES = "701-725" }

@ARTICLE{pipkin,
	AUTHOR = "Pipkin, AC and Rogers, TG",
	TITLE = "A non-linear integral representation for viscoelastic behavior",
	JOURNAL = "J Mech Phys Solids",
	YEAR = "1968",
	VOLUME = "16",
	PAGES = "59-74"       }

@ARTICLE{puso1,
	AUTHOR = "Puso, MA and Weiss, JA",
	TITLE = "Finite element implementation of anisotropic quasilinear
	viscoelasticity",
	JOURNAL = "ASME J Biomech Eng",
	YEAR = "1998",
	VOLUME = "120",
	NUMBER = "1",
	PAGES = "62-70"       }

@ARTICLE{rajagopal1,
	AUTHOR = "Rajagopal, KR and Wineman, AS",
	TITLE = "A constitutive equation for nonlinear solids which undergo 
	deformation induced microstructural changes",
	JOURNAL = "Intl J Plasticity",
	YEAR = "1992",
	VOLUME = "8",
	PAGES = "385-395"       }

@ARTICLE{rivlin1,
	AUTHOR = "Rivlin, RS and Smith, GF",
	TITLE = "The description of material symmetry in materials with memory",
	JOURNAL = "Int J Solids Structures",
	YEAR = "1987",
	VOLUME = "23",
	PAGES = "325-334"       }

@ARTICLE{simo1,
	AUTHOR = "Simo, JC and Taylor, RL",
	TITLE = "Quasi-incompressible finite elasticity in principal 
	stretches:  {C}ontinuum basis and numerical algorithms",
	JOURNAL = "Comp Meth Appl Mech Eng",
	YEAR = "1991",
	VOLUME = "85",
	PAGES = "273-310"       }

@ARTICLE{simo2,
	AUTHOR = "Simo, JC",
	TITLE = "On a fully three-dimensional finite-strain viscoelastic damage 
	model: {F}ormulation and computational aspects",
	JOURNAL = "Comp Meth Appl Mech Eng",
	YEAR = "1987",
	VOLUME = "60",
	PAGES = "153-173"       }

@ARTICLE{simo3,
	AUTHOR = "Simo, JC and Taylor, RL and Pister, KS",
	TITLE = "Variational and projection methods for the volume constraint 
	in finite deformation elastoplasticity",
	JOURNAL = "Comp Meth Appl Mech Eng",
	YEAR = "1985",
	VOLUME = "51",
	PAGES = "177-208"       }

@ARTICLE{simo7,
	AUTHOR = "Simo, JC and Hughes, TJR",
	TITLE = "On the variational foundations of assumed strain methods",
	JOURNAL = "ASME J Appl Mech",
	YEAR = "1986",
	VOLUME = "53",
	PAGES = "51-54" }

@BOOK{Simo1998,
	AUTHOR = "Simo, JC and Hughes, TJR",
	TITLE = "Computational Inelasticity",
	ADDRESS = "New York",
	PUBLISHER = "Springer-Verlag",
	YEAR = "1998"   }

@ARTICLE{smith1,
	AUTHOR = "Smith, GF and Rivlin, RS",
	TITLE = "Integrity bases for vectors.  The crystal classes.",
	JOURNAL = "Arch Rational Mech Anal",
	YEAR = "1964",
	VOLUME = "15",
	PAGES = "169-221" }

@BOOK{spencer1,
	AUTHOR = "Spencer, AJM",
	TITLE = "Continuum Theory of the Mechanics of Fibre-Reinforced Composites",
	ADDRESS = "New York",
	PUBLISHER = "Springer-Verlag",
	YEAR = "1984"   }

@BOOK{spencer2,
	AUTHOR = "Spencer, AJM",
	TITLE = "Continuum {M}echanics",
	ADDRESS = "New York",
	PUBLISHER = "Longman",
	YEAR = "1980"   }

@INCOLLECTION{spencer3,
	AUTHOR = "Spencer, AJM",
	TITLE = "Theory of {I}nvariants",
	BOOKTITLE = "Continuum Physics",
	EDITOR = "Eringen AC",
	PAGES = "239-253",
	PUBLISHER = "Academic Press",
	ADDRESS = "New York",
	YEAR = "1954"   }

@TECHREPORT{Steinberg91,
    AUTHOR       = "Steinberg, D. J. ", 
    YEAR         = "1991",
    TITLE        = "Equation of state and strength properties of
                    selected materials",  
    NUMBER       = "UCRL-MA-106439", 
    INSTITUTION  = "Lawrence Livermore National Laboratory", 
    ADDRESS      = "Livermore, California",
    }
%
@ARTICLE{sulsky_axisym_1996,
	AUTHOR = "Sulsky, D. and Schreyer, H.L.",
	TITLE  = "Axisymmetric form of the material point method with applications to upsetting and Taylor impact problems",
	JOURNAL= "Computer Methods in Applied Mechanics and Engineering",
	YEAR   = "1996",
	VOLUME = "139",
	PAGES  = "409-429" }

@ARTICLE{sulskycmame,
	AUTHOR = "Sulsky, D. and Chen, Z. and Schreyer, H.L.",
	TITLE  = "A particle method for history dependent materials",
	JOURNAL= "Comput. Methods Appl. Mech. Engrg.",
	YEAR   = "1994",
	VOLUME = "118",
	PAGES  = "179-196" }

@ARTICLE{sulskycpc,
	AUTHOR = "Sulsky, D. and Zhou, S.  and Schreyer, H.L.",
	TITLE  = "Application of a particle-in-cell method to solid mechanics",
	JOURNAL= "Computer Physics Communications",
	YEAR   = "1995",
	VOLUME = "87",
	PAGES  = "236-252" }

@INCOLLECTION{suquet1,
	AUTHOR = "Suquet, PM",
	TITLE = "Elements of homogenization theory for inelastic solid mechanics",
	BOOKTITLE = "Homogenization Techniques for Composite Media",
	EDITOR = "Sanchez-Palencia, E and Zaoui, A",
	YEAR = "1985",
	PUBLISHER = "Springer",
	ADDRESS = "Berlin",
	PAGES = ""       }

@ARTICLE{sussman1,
	AUTHOR = "Sussman, T and Bathe, K-J",
	TITLE = "A finite element formulation for nonlinear incompressible elastic and inelastic analysis",
	JOURNAL = "Comp Struct",
	YEAR = "1987",
	VOLUME = "26",
	PAGES = "357-409"       }

@BOOK{truesdell1,
	AUTHOR = "Truesdell, C and Noll, W",
	TITLE = "The Non-linear Field Theories of Mechanics",
	ADDRESS = "New York",
	PUBLISHER = "Springer-Verlag",
	YEAR = "1992"   }

@INCOLLECTION{truesdell2,
	AUTHOR = "Truesdell, C and Toupin, R",
	TITLE = "The classical field theories",
	BOOKTITLE = "Handbuck der Physik",
	YEAR = "1960",
	ADDRESS = "Berlin",
	PUBLISHER = "Springer-Verlag",
	PAGES = "226-793"   }

@BOOK{tschoegl1,
	AUTHOR = "Tschoegl, NW",
	TITLE = "The Phenomenological Theory of Linear Viscoelastic Behavior",
	ADDRESS = "New York",
	PUBLISHER = "Springer-Verlag",
	YEAR = "1989"   }

@BOOK{washizu1,
	AUTHOR = "Washizu, K",
	TITLE = "Variational Methods in Elasticity and Plasticity",
	ADDRESS = "Oxford",
	PUBLISHER = "Pergamon",
	YEAR = "1974"   }

@ARTICLE{weiss3,
	AUTHOR = "Weiss, JA ",
	TITLE = "A constitutive model and finite element representation for transversely isotropic soft tissues",
	JOURNAL = "Ph.D. Dissertation",
	YEAR = "1994",
	VOLUME = "Department of Bioengineering, University of Utah",
	PAGES = "" }

@ARTICLE{weiss4,
	AUTHOR = "Weiss, JA and Maker, BN and Govindjee, S",
	TITLE = " Finite element implementation of incompressible,
	transversely isotropic hyperelasticity",
	JOURNAL = "Comp Meth Appl Mech Eng",
	YEAR = "1996",
	VOLUME = "135",
	PAGES = "107-128" }

@BOOK{zienk,
	AUTHOR = "Zienkiewicz, OC and Taylor, RL",
	TITLE = "The Finite Element Method, Volume 1:  Basic Formulation and Linear Problems",
	ADDRESS = "London",
	PUBLISHER = "McGraw-Hill",
	YEAR = "1989"   }

@ARTICLE{zhou,
	AUTHOR = "Zhou, S ",
	TITLE = "The numerical prediction of material failure based on the material point method",
	JOURNAL = "Ph.D. Dissertation",
	YEAR = "1998",
	VOLUME = "Department of Mechanical Engineering, University of New Mexico",
	PAGES = "" }

%
@INPROCEEDINGS{Zocher2000,
    AUTHOR       = "Zocher, M. A. and Maudlin, P. J. and Chen, S. R. and 
                    Flower-Maudlin, E. C.", 
    TITLE        = "An evaluation of several hardening models using Taylor 
                    cylinder impact data",
    BOOKTITLE    = "Proc., European Congress on Computational Methods in 
                    Applied Sciences and Engineering",
    YEAR         = 2000,
    ORGANIZATION = "ECCOMAS",
    ADDRESS      = "Barcelona, Spain",
    }

%
@ARTICLE{Abed05,
    AUTHOR       = "Abed, F. H. and Voyiadjis, G. Z.", 
    YEAR         = "2005",
    TITLE        = "A consistent modified {Z}erilli-{A}rmstrong flow stress 
                    model for bcc and fcc metals for elevated temperatures",
    JOURNAL      = "Acta Mechanica",
    VOLUME       = "175",
    PAGES        = "1--18",
    }
%
@BOOK{Aboudi91,
    AUTHOR       = "Aboudi, J. ",
    TITLE        = "Mechanics of Composite Materials - A Unified 
                    Micromechanical Approach",
    PUBLISHER    = "Elsevier",
    ADDRESS      = "Amsterdam",
    YEAR         = "1991",
    }
%
@INCOLLECTION{Aboudi93,
    AUTHOR       = "Aboudi, J. ", 
    YEAR         = "1993",
    TITLE        = "Constitutive behavior of multiphase metal matrix composites 
                    with interfacial damage by the generalized cells model", 
    BOOKTITLE    = "Damage in Composite Materials", 
    EDITOR       = "Voyiadjis, G.  Z. ", 
    PUBLISHER    = "Elsevier Science Publishers", 
    ADDRESS      = "Amsterdam",
    PAGES        = "3--22",
    }
%
@ARTICLE{Aboudi95,
    AUTHOR       = "Aboudi, J. ", 
    YEAR         = "1995",
    TITLE        = "Micromechanical analysis of thermo-inelastic multiphase 
                    short fiber composites",
    JOURNAL      = "Composites Engg. ",
    VOLUME       = "5",
    NUMBER       = "7",
    PAGES        = "839--850",
    }
%
@INCOLLECTION{Aboudi96,
    AUTHOR       = "Aboudi, J.  and Herakovich, C. T. ", 
    YEAR         = "1996",
    TITLE        = "An interfacial damage model for titanium matrix 
                    composites", 
    BOOKTITLE    = "Damage and Interfacial Debonding in Composites",
    EDITOR       = "Voyiadjis, G.  Z.  and Allen, D.  H. ",
    PUBLISHER    = "Elsevier Science Publishers",
    ADDRESS      = "Amsterdam",
    PAGES        = "149--165",
    }
%
@ARTICLE{Aboudi96_1,
    AUTHOR       = "Aboudi, J. ",
    TITLE        = "Micromechanical analysis of composites by the method of 
                    cells - update",
    JOURNAL      = "Appl.  Mech.  Rev",
    YEAR         = "1996",
    VOLUME       = "49",
    NUMBER       = "10",
    PAGES        = "S83--S91",
    }
%
@INCOLLECTION{Abraham72,
    AUTHOR       = "Stegun, I. A.",
    TITLE        = "Miscellaneous Functions",
    BOOKTITLE    = "Handbook of Mathematical Functions with Formulas, Graphs, 
                    and Mathematical Tables",
    YEAR         = "1972",
    ADDRESS      = "New York",
    PUBLISHER    = "Dover",
    PAGES        = "997--1010",
    }
%
@ARTICLE{Achen89,
    AUTHOR       = "Achenbach, J. D.  and Zhu, H. ", 
    YEAR         = "1989",
    TITLE        = "Effect of interfacial zone on mechanical behavior and 
                    failure of fiber-reinforced composites",
    JOURNAL      = "J.  Mech.  Phys.  Solids",
    VOLUME       = "37",
    NUMBER       = "3",
    PAGES        = "381--393",
    }
%
@ARTICLE{Adams67,
    AUTHOR       = "Adams, D. F.  and Doner, D. F. ", 
    YEAR         = "1967",
    TITLE        = "Transverse normal loading of a unidirectional composite",
    JOURNAL      = "J.  Composite Materials",
    VOLUME       = "1",
    PAGES        = "152--164",
    }
%
@ARTICLE{Adams67_1,
    AUTHOR       = "Adams, D. F.  and Doner, D. F. ", 
    YEAR         = 1967,
    TITLE        = "Longitudinal shear loading of a unidirectional composite",
    JOURNAL      = "J.  Composite Materials",
    VOLUME       = "1",
    PAGES        = "4--17",
    }
%
@ARTICLE{Adams69,
    AUTHOR       = "Adams, D. F.  and Tsai, S. W. ", 
    YEAR         = "1969",
    TITLE        = "The influence of random filament packing on the transverse 
                    stiffness of unidirectional composites",
    JOURNAL      = "J.  Composite Materials",
    VOLUME       = "3",
    PAGES        = "368--381",
    }
%     
@ARTICLE{Adams84,
    AUTHOR       = "Adams, D. F.  and Crane, D. A. ", 
    YEAR         = "1984",
    TITLE        = "Finite element micromechanical analysis of a unidirectional 
                    composite including longitudinal shear loading",
    JOURNAL      = "Computers and Structures",
    VOLUME       = "18",
    NUMBER       = "6",
    PAGES        = "1153--1164",
    }
%
@ARTICLE{Addessio93,
    AUTHOR       = "Addessio, F. L.  and Johnson, J. N. ",
    YEAR         = "1993",
    TITLE        = "Rate-dependent ductile failure model",
    JOURNAL      = "J.  Appl.  Phys. ",
    VOLUME       = "74",
    NUMBER       = "3",
    PAGES        = "1640--1648",
    }
%
@ARTICLE{Addessio93a,
    AUTHOR       = "Addessio, F. L. and Johnson, J. N. and Maudlin, P. J.",
    YEAR         = "1993",
    TITLE        = "The effect of void growth on {T}aylor cylinder impact 
                    experiments",
    JOURNAL      = "J.  Appl.  Phys. ",
    VOLUME       = "73",
    NUMBER       = "11",
    PAGES        = "7288--7297",
    }
%
@ARTICLE{Ahlers66,
    AUTHOR       = "Ahlers, G.",
    YEAR         = "1966",
    TITLE        = "Heat capacity of copper",
    JOURNAL      = "The Review of Scientific Instruments",
    VOLUME       = "37",
    NUMBER       = "4",
    PAGES        = "477--480",
    }
%
@ARTICLE{Alfano98,
    AUTHOR       = "Alfano, G.  and Rosati, L.  and Valoroso, N. ",
    TITLE        = "A displacement-like finite element model for {J_2}
                    elastoplasticity: variation formulation and finite-step
                    solution",
    JOURNAL      = "Comput.  Methods Appl.  Mech.  Engrg. ",
    YEAR         = "1998",
    VOLUME       = "155",
    PAGES        = "325--358",
    }
%
@MANUAL{Ansys60,
    AUTHOR       = "ANSYS",
    TITLE        = "ANSYS 6. 0 User Manual",
    YEAR         = "2002",
    ORGANIZATION = "ANSYS Inc. ",
    ADDRESS      = "www. ansys. com",
    }
%
@MANUAL{Abaqus63,
    AUTHOR       = "HKS",
    TITLE        = "Abaqus 6. 3 User Manual",
    YEAR         = "2003",
    ORGANIZATION = "Hibbitt, Karlsson & Sorensen, Inc. ",
    ADDRESS      = "www. abaqus. com",
    }
%
@ARTICLE{Anand79,
    AUTHOR       = "Anand, L.",
    TITLE        = "On {H}. {H}encky's approximate strain-energy function for
                    moderate deformations",
    JOURNAL      = "ASME J. Appl. Mech.",
    YEAR         = "1979",
    VOLUME       = "46",
    PAGES        = "78--82",
    }
%
@ARTICLE{Anand85,
    AUTHOR       = "Anand, L.",
    TITLE        = "Constitutive equations for hot-working of metals",
    JOURNAL      = "Int. J. Plasticity",
    YEAR         = "1985",
    VOLUME       = "1",
    PAGES        = "213--231",
    }
%
@ARTICLE{Anderson88,
    AUTHOR       = "Anderson, C. E. and Bodner, S. R.",
    TITLE        = "Ballistic impact: {T}he status of analytical and numerical
                    modelling",
    JOURNAL      = "Int. J. Impact Engng.",
    YEAR         = "1988",
    VOLUME       = "7",
    NUMBER       = "1",
    PAGES        = "9--35",
    }
%
@ARTICLE{Anderson95,
    AUTHOR       = "Anderson, C. E. and Volker H. and Walker, J. D. and
                    Stilp, A. J.",
    TITLE        = "Time-resolved penetration of long rods into steel 
                    targets",
    JOURNAL      = "Int. J. Impact Engng.",
    YEAR         = "1995",
    VOLUME       = "16",
    NUMBER       = "1",
    PAGES        = "1--18",
    }
%
@ARTICLE{Andrade34,
    AUTHOR       = "da Andrade, E. N.",
    TITLE        = "The theory of viscosity of liquids: {I}",
    JOURNAL      = "Philosphical Magazine",
    YEAR         = "1934",
    VOLUME       = "17",
    PAGES        = "497",
    }
%
@ARTICLE{Andrade52,
    AUTHOR       = "da Andrade, E. N.",
    TITLE        = "Viscosity of liquids",
    JOURNAL      = "Proc. R. Soc. Lond. A",
    YEAR         = "1952",
    VOLUME       = "215",
    NUMBER       = "1120",
    PAGES        = "36-43",
    }
%
@INPROCEEDINGS{Anderson01,
    AUTHOR       = "Anderson, C. E. and Dannemann, K. A.",
    TITLE        = "Deformation and damage of two aluminum alloys from 
                    ballistic impact",
    BOOKTITLE    = "Proc. , 12th APS Topical Conference on Shock Compression of 
                    Condensed Matter", 
    YEAR         = "2001",
    ORGANIZATION = "American Physical Society",
    PAGES        = "1298--1301",
    }
%
@ARTICLE{Aravas87,
    AUTHOR       = "Aravas, N.",
    TITLE        = "On the numerical integration of a class of 
                    pressure-dependent plasticity models",
    JOURNAL      = "Int. J. Num. Methods Engg.",
    YEAR         = "1987",
    VOLUME       = "24",
    PAGES        = "1395--1416",
    }
%
@ARTICLE{Armin99,
    AUTHOR       = "Arminjon, M.  and Guessab, B. ", 
    YEAR         = "1999",
    TITLE        = "A model with two micro-scales for the effects of geometric 
                    distribution of material inhomogeneity",
    JOURNAL      = "Acta Mechanica",
    VOLUME       = "134",
    PAGES        = "61--79",
    }
%
@INPROCEEDINGS{Armstrong99,
    AUTHOR       = "Armstrong, R.  and Gammon, D.  and Geist, A.  and
                    Keahey, K.  and Kohn, S.  and McInnes, L.  and
                    Parker, S.  and Smolinski, B. ", 
    YEAR         = "1999",
    TITLE        = "Toward a {C}ommon {C}omponent {A}rchitecture for 
                    high-performance scientific computing",
    BOOKTITLE    = "Proc.  1999 Conference on High Performance Distributed 
                    Computing",
    ADDRESS      = "",
    PAGES        = "",
    }
%
@INPROCEEDINGS{Arnold01,
    AUTHOR       = "Arnold, W.",
    TITLE        = "Controlled fragmentation",
    BOOKTITLE    = "Proc. , 12th APS Topical Conference on Shock Compression of 
                    Condensed Matter", 
    YEAR         = "2001",
    ORGANIZATION = "American Physical Society",
    PAGES        = "527--530",
    }
%
@ARTICLE{Asay87,
    AUTHOR       = "Asay, J. R. and Kerley, G. I.",
    TITLE        = "The response of materials to dynamic loading",
    YEAR         = "1987",
    JOURNAL      = "Int. J. Impact Engng.",
    VOLUME       = "5",
    PAGES        = "69--99",
    }
%
@BOOK{ASM90,
    AUTHOR       = "Steiner, R.",
    TITLE        = "American Society of Metals Handbook: Volume 1",
    PUBLISHER    = "American Society of Metals",
    ADDRESS      = "New York",
    YEAR         = "1990",
    }
%
@BOOK{ASM02,
    AUTHOR       = "ASM International Handbook Committee",
    TITLE        = "American Society of Metals Handbook: Volume 2",
    PUBLISHER    = "American Society of Metals",
    ADDRESS      = "New York",
    YEAR         = "2002",
    }
%
@INCOLLECTION{ASM02a,
    AUTHOR       = "Epler, M.",
    YEAR         = "2002",
    TITLE        = "Structures by precipitation from solid solution",
    BOOKTITLE    = "Metallography and Microstructures.  ASM Handbook: Volume 9",
    PUBLISHER    = "ASM International",
    ADDRESS      = "New York",
    PAGES        = "134--139",
    }
%
@BOOK{ASMH96,
    AUTHOR       = "Brown, W. F. and Mindlin, H. and Ho, C. Y.",
    TITLE        = "Aerospace Structural Metals Handbook: Volume 1: Code 1206",
    PUBLISHER    = "CINDAS/USAF CRDA Handbooks Operation",
    ADDRESS      = "Purdue University, West Lafayette, IN",
    YEAR         = "1996",
    }
%
@BOOK{Aerospace96,
    AUTHOR       = "Brown, W.F. and Mindlin, H. and Ho, C. Y.", 
    YEAR         = "1996",
    TITLE        = "Aerospace structural metals handbook: Volume 3: Code 3206",
    PUBLISHER    = "CINDAS/USAF CRDA Handbooks Operation",
    ADDRESS      = "Purdue University, West Lafayette, IN.",
    }
%   
@ARTICLE{Auren91,
    AUTHOR       = "Aurenhammer, F. ", 
    YEAR         = "1991",
    TITLE        = "Voronoi diagrams - a survey of a fundamental geometric 
                    data structure",
    JOURNAL      = "ACM Computing Surveys",
    VOLUME       = "23",
    NUMBER       = "3",
    PAGES        = "345--405",
    }
%
@ARTICLE{Ayton02,
    AUTHOR       = "Ayton, G.  and Smondyrev, A. M.  and Bardenhagen, S. G.  and
                    McMurtry, P.  and Voth, G. A. ",
    TITLE        = "Interfacing molecular dynamics and macro-scale simulations
                    for lipid bilayer vesicles",
    JOURNAL      = "Biophysical Journal",
    YEAR         = "2002",
    VOLUME       = "83",
    PAGES        = "1026--1038",
    }
%
@ARTICLE{Babus73,
    AUTHOR       = "Babuska, I. ",
    TITLE        = "The finite element method with Lagrangian multipliers",
    JOURNAL      = "Num.  Math. ",
    YEAR         = "1973",
    VOLUME       = "20",
    PAGES        = "179--192",
    }
%
@ARTICLE{Babuska04,
    AUTHOR       = "Babuska, I. and Oden, J. T.",
    TITLE        = "Verification and validation in computational engineering
                    and science: basic concepts", 
    JOURNAL      = "Comput. Methods Appl. Mech. Engrg.",
    YEAR         = "2004",
    VOLUME       = "193",
    PAGES        = "4057--4066",
    }
%
@INPROCEEDINGS{Baer98,
    AUTHOR       = "Baer, M. R.  and Kipp, M. E.  and van Swol, F. ", 
    YEAR         = "1998",
    TITLE        = "Micromechanical modeling of heterogeneous energetic 
                    materials", 
    BOOKTITLE    = "Proc.  11th International Detonation Symposium",
    ADDRESS      = "Snowmass, Colorado",
    PAGES        = "788--801",
    }
%
@TECHREPORT{Baer01,
    AUTHOR       = "Baer, M. R. ", 
    YEAR         = "2001",
    TITLE        = "Modeling heterogeneous reactive materials at the 
                    mesoscale",  
    NUMBER       = "SAND 2001-2372J", 
    INSTITUTION  = "Sandia National Laboratories", 
    ADDRESS      = "Albuquerque, New Mexico",
    }
%
@ARTICLE{Bancroft56,
    AUTHOR       = "Bancroft, D. and Peterson, E. L. and Minshall, S.",
    TITLE        = "Polymorphism of iron at high pressure",
    JOURNAL      = "J. Appl. Phys",
    YEAR         = "1956",
    VOLUME       = "27",
    NUMBER       = "3",
    PAGES        = "291--298",
    }
%
@TECHREPORT{Bammann99,
    AUTHOR       = "Bammann, D. J.  and Mosher, D.  and Hughes, D. A.  and
                    Moody, N. R.  and Dawson, P. R. ",
    YEAR         = "1999",
    TITLE        = "Using spatial gradients to model localization phenomena",
    NUMBER       = "SAND99-8588", 
    INSTITUTION  = "Sandia National Laboratories", 
    ADDRESS      = "Albuquerque, New Mexico",
    }
%
@INPROCEEDINGS{Banerjee00,
    AUTHOR       = "Banerjee, B.  and Grutta, J.  and Narra, G.  and 
                    Adams, D. O. ", 
    YEAR         = "2000",
    TITLE        = "Micromechanical modeling of high energy composites", 
    BOOKTITLE    = "Proc.  SEM IX International Congress and Exposition on 
                    Experimental Mechanics",
    ADDRESS      = "Orlando, Florida",
    PAGES        = "477--479",
    }
%
@INPROCEEDINGS{Banerjee02,
    AUTHOR       = "Banerjee, B.  and Adams, D.  O. ", 
    YEAR         = "2002",
    TITLE        = "Micromechanics-based prediction of effective elastic 
                    properties of polymer bonded explosives",
    BOOKTITLE    = "Proc.  6th Intl.  Conf.  Electrical Transport and Optical 
                    Phenomena in Inhomogeneous Materials (ETOPIM6)",
    ADDRESS      = "Snowbird, Utah",
    }
%
@UNPUBLISHED{Banerjee02a,
    AUTHOR       = "Banerjee, B.  and Adams, D. O. ",
    YEAR         = "2002", 
    TITLE        = "Effective elastic moduli of polymer bonded explosives from
                    finite element simulations",
    NOTE         = "To be published. ",
    }
%
@UNPUBLISHED{Banerjee02b,
    AUTHOR       = "Banerjee, B.  and Adams, D. O. ",
    YEAR         = "2002", 
    TITLE        = "Application of the generalized method of cells to
                    polymer bonded explosives",
    NOTE         = "To be published. ",
    }
%
@PHDTHESIS{Banerjee02th,
    AUTHOR       = "Banerjee, B. ",
    TITLE        = "Micromechanics-based prediction of thermoelastic properties 
                    of high energy materials",
    SCHOOL       = "University of Utah",
    YEAR         = "2002",
    ADDRESS      = "Salt Lake City, Utah",
    }
%
@INCOLLECTION{Banerjee03,
    AUTHOR       = "Banerjee, B.  and Adams, D. O. ",
    YEAR         = "2003",
    TITLE        = "Micromechanics-based prediction of thermoelastic properties
                    of high energy materials",
    BOOKTITLE    = "Constitutive Modeling in Geomaterials",
    PUBLISHER    = "CRC Press",
    EDITOR       = "Ling H. I.  and Anandarajah, A.  and Manzari, M. T.  and
                    Kaliakin, V. N.  and Smyth, A. ",
    ADDRESS      = "Boca Raton",
    PAGES        = "158--164",
    }
%
@ARTICLE{Banerjee03a,
    AUTHOR       = "Banerjee, B.  and Cady, C. M.  and Adams, D. O. ",
    TITLE        = "Micromechanics simulations of glass-estane mock polymer
                    bonded explosives",
    JOURNAL      = "Modelling Simul.  Mater.  Sci.  Eng. ",
    YEAR         = "2003",
    VOLUME       = "11",
    PAGES        = "457--475",
    }
%
@ARTICLE{Banerjee03b,
    AUTHOR       = "Banerjee, B.  and Adams, D. O. ",
    YEAR         = "2003",
    TITLE        = "Micromechanics-based prediction of effective elastic 
                    properties of polymer bonded explosives",
    JOURNAL      = "Physica B",
    VOLUME       = "338",
    PAGES        = "8-15",
    }
%
@ARTICLE{Banerjee04,
    AUTHOR       = "Banerjee, B.  and Adams, D. O. ",
    YEAR         = "2004", 
    TITLE        = "On predicting the effective elastic properties of
                    polymer bonded explosives using the recursive cell method",
    JOURNAL      = "Int.  J.  Solids Struct. ",
    VOLUME       = "41",
    PAGES        = "481-509",
    }
%
@INPROCEEDINGS{Banerjee04a,
    AUTHOR       = "Banerjee, B.", 
    YEAR         = "2004",
    TITLE        = "Material Point Method simulations of fragmenting cylinders",
    BOOKTITLE    = "Proc. 17th ASCE Engineering Mechanics Conference (EM2004)",
    ADDRESS      = "Newark, Delaware",
    }
%
@TECHREPORT{Banerjee04b,
    AUTHOR       = "Banerjee, B.",
    YEAR         = "2004", 
    TITLE        = "{MPM} Validation: Sphere-Cylinder Impact Tests: 
                    Energy Balance",
    NUMBER       = "C-SAFE-CD-IR-04-001",
    URL          = "http://www.csafe.utah.edu/documents/C-SAFE-CD-IR-04-001.pdf",
    INSTITUTION  = "Center for the Simulation of Accidental Fires and
                    Explosions",
    ADDRESS      = "University of Utah, USA",
    }
%
@TECHREPORT{Banerjee04c,
    AUTHOR       = "Banerjee, B.",
    YEAR         = "2004", 
    TITLE        = "{MPM} Validation: Sphere-Cylinder Impact:
                    Low Resolution Simulations",
    NUMBER       = "C-SAFE-CD-IR-04-002",
    URL          = "http://www.csafe.utah.edu/documents/C-SAFE-CD-IR-04-002.pdf",
    INSTITUTION  = "Center for the Simulation of Accidental Fires and
                    Explosions",
    ADDRESS      = "University of Utah, USA",
    }
%
@TECHREPORT{Banerjee04d,
    AUTHOR       = "Banerjee, B.",
    YEAR         = "2004", 
    TITLE        = "{MPM} Validation: Sphere-Cylinder Impact:
                    Medium Resolution Simulations",
    NUMBER       = "C-SAFE-CD-IR-04-003",
    URL          = "http://www.csafe.utah.edu/documents/C-SAFE-CD-IR-04-003.pdf",
    INSTITUTION  = "Center for the Simulation of Accidental Fires and
                    Explosions",
    ADDRESS      = "University of Utah, USA",
    }
%
@INPROCEEDINGS{Banerjee05,
    AUTHOR       = "Banerjee, B.", 
    YEAR         = "2005",
    TITLE        = "Simulation of impact and fragmentation with the material 
                    point method",
    BOOKTITLE    = "Proc. 11th International Conference on Fracture",
    ADDRESS      = "Turin, Italy",
    }
%
@INPROCEEDINGS{Banerjee05a,
    AUTHOR       = "Banerjee, B.", 
    YEAR         = "2005",
    TITLE        = "Validation of {UINTAH}: {T}aylor impact and plasticity
                    models",
    BOOKTITLE    = "Proc. 2005 Joint ASME/ASCE/SES Conference on Mechanics and
                    Materials (McMat 2005)",
    ADDRESS      = "Baton Rouge, LA",
    }
%
@ARTICLE{Banerjee05b,
    AUTHOR       = "Banerjee, B.",
    YEAR         = "2005",
    TITLE        = "The {M}echanical {T}hreshold {S}tress model for various
                    tempers of 4340 steel",
    JOURNAL      = "arXiv:cond-mat",
    VOLUME       = "0510330",
    PAGES        = "1--39",
    }
%
@TECHREPORT{Banerjee05c,
    AUTHOR       = "Banerjee, B.",
    YEAR         = "2005", 
    TITLE        = "Taylor impact tests: {D}etailed report",
    NUMBER       = "C-SAFE-CD-IR-05-001",
    URL          = "http://www.csafe.utah.edu/documents/C-SAFE-CD-IR-05-001.pdf",
    INSTITUTION  = "Center for the Simulation of Accidental Fires and
                    Explosions",
    ADDRESS      = "University of Utah, USA",
    }
%
@ARTICLE{Banerjee05d,
    AUTHOR       = "Banerjee, B.",
    YEAR         = "2005",
    TITLE        = "An evaluation of plastic flow stress models for the 
                    simulation of high-temperature and high strain-rate 
                    deformation of metals",
    JOURNAL      = "arXiv:cond-mat",
    VOLUME       = "0512466",
    PAGES        = "1--43",
    }
%
@ARTICLE{Banerjee07,
    AUTHOR       = "Banerjee, B.",
    YEAR         = "2007",
    TITLE        = "The {M}echanical {T}hreshold {S}tress model for various
                    tempers of 4340 steel",
    JOURNAL      = "Int. J. Solids Struct.",
    VOLUME       = "44",
    NUMBER       = "3-4",
    PAGES        = "834--859",
    }
%
@ARTICLE{Bard98a,
    AUTHOR       = {S.  G.  Bardenhagen and J.  U.  Brackbill},
    YEAR         = {1998},
    TITLE        = {Dynamic Stress Bridging in Granular Material},
    JOURNAL      = {J.  Appl.  Phys. },
    VOLUME       = {83},
    PAGES        = {5732-5740}
    }
%
@ARTICLE{Bard98b,
    AUTHOR       = {S.  G.  Bardenhagen and E.  N.  Harstad and P.  J.  Maudlin and
                    G.  T.  Gray and J.  C.  Foster},
    YEAR         = {1998},
    TITLE        = {Viscoelastic Models for Explosive Binder Materials},
    JOURNAL      = {Shock Compression of Condensed Matter -- 1997},
    PAGES        = {281-284}
    }
%
@INPROCEEDINGS{Bard00,
    AUTHOR       = {S.  G.  Bardenhagen and J.  U.  Brackbill and D.  L.  Sulsky},
    YEAR         = {2000},
    TITLE        = {Shear Deformation in Granular Material},
    BOOKTITLE    = {Eleventh International Detonation Symposium},
    PUBLISHER    = {Office of Naval Research},
    ADDRESS      = {Arlington, VA},
    EDITORS      = {Short and Kennedy},
    PAGES        = {547-555},
    }
%
@ARTICLE{Bard00a,
    AUTHOR       = {S.  G.  Bardenhagen and J.  U.  Brackbill and D.  Sulsky},
    YEAR         = {2000},
    TITLE        = {Numerical Study of Stress Distributions in
                    Sheared Granular Material in Two Dimensions},
    JOURNAL      = {Phys.  Rev.  E},
    VOLUME       = {62},
    PAGES        = {3882-3890},
    }
%
@ARTICLE{Bard00b,
    AUTHOR       = "Bardenhagen, S. G.  and Brackbill, J. U.  and Sulsky, D. ",
    TITLE        = "The material-point method for granular materials",
    JOURNAL      = "Comput.  Methods Appl.  Mech.  Engrg. ",
    YEAR         = "2000",
    VOLUME       = "187",
    PAGES        = "529--541",
    }
%
@ARTICLE{Bard01,
    AUTHOR       = "Bardenhagen, S. G.  and Guilkey, J. E.  and Roessig, K. M and
                    BrackBill, J. U.  and Witzel, W. M.  and Foster, J. C. ",
    TITLE        = "An improved contact algorithm for the material point method
                    and application to stress propagation in granular material",
    JOURNAL      = "Computer Methods in the Engineering Sciences",
    YEAR         = "2001",
    VOLUME       = "2",
    NUMBER       = "4",
    PAGES        = "509--522",
    }
%
@ARTICLE{Bard01a,
    AUTHOR       = {S.  G.  Bardenhagen},
    YEAR         = {2001},
    TITLE        = {Energy Conservation Error in the Material Point Method
                    for Solid Mechanics},
    JOURNAL      = {J.  Comp.  Phys. },
    VOLUME       = {},
    PAGES        = {},
    NOTE         = {submitted},
    }
%
@ARTICLE{Bard04,
    AUTHOR       = {S.  G.  Bardenhagen and E.  M.  Kober},
    YEAR         = {2004},
    TITLE        = "The {G}eneralized {I}nterpolation {M}aterial {P}oint {M}ethod",
    JOURNAL      = {Comp. Model. Eng. Sci.},
    VOLUME       = {5},
    NUMBER       = {6},
    PAGES        = {477-495},
    }
%
@ARTICLE{Barker74,
    AUTHOR       = "Barker, L. M. and Hollenbach, R. E.",
    YEAR         = "1974",
    TITLE        = "Shock wave study of the $\alpha \rightleftarrows \epsilon$
                    phase transition in iron",
    JOURNAL      = "J. Appl. Phys.",
    VOLUME       = "45",
    NUMBER       = "11",
    PAGES        = "4872--4887",
    }
%
@ARTICLE{Barlat02,
    AUTHOR       = "Barlat, F. and Glazov, M. V. and Brem, J. C. and
                    Lege, D. J.",
    YEAR         = "2002",
    TITLE        = "A simple model for dislocation behavior, strain and 
                    strain rate hardening evolution in deforming 
                    aluminum alloys",
    JOURNAL      = "Int. J. Plasticity",
    VOLUME       = "18",
    PAGES        = "919--939",
    }
%
@INPROCEEDINGS{Bart01,
    AUTHOR       = "Bartkowski, P. and Keele, M. and Bruchey, W.",
    YEAR         = "2001",
    TITLE        = "Taylor impact experiments of electrified copper and
                    aluminum cylinders",
    BOOKTITLE    = "Proc. 19th International Symposium of Ballistics",
    ADDRESS      = "Interlaken, Switzerland",
    PAGES        = "1577--1584",
    NOTE         = "Taylor Impact Expt. of OFHC Cu and 6061T6 Al",
    }
%
@BOOK{Basar00,
    AUTHOR       = "Basar, Y.  and Weichert, D. ",
    TITLE        = "Nonlinear Continuum Mechanics of Solids",
    PUBLISHER    = "Springer",
    ADDRESS      = "Berlin",
    YEAR         = "2000",
    }
%
@BOOK{Bathe97,
    AUTHOR       = "Bathe, K. -J. ", 
    YEAR         = "1997",
    TITLE        = "Finite Element Procedures",
    PUBLISHER    = "Prentice-Hall",
    NOTE         = "p.  338--388",
    }
%
@ARTICLE{Batra98,
    AUTHOR       = "Batra, R. C. and Stevens, J. B.",
    YEAR         = "1998",
    TITLE        = "Adiabatic shear bands in axisymmetric impact and 
                    penetration problems",
    JOURNAL      = "Comput. Methods Appl. Mech. Engrg.",
    VOLUME       = "151",
    PAGES        = "325--342",
    }
%
@ARTICLE{Batra01,
    AUTHOR       = "Batra, R. C. and Jaber, N. A.",
    YEAR         = "2001",
    TITLE        = "Failure mode transition speeds in an impact loaded 
                    prenotched plate with four thermoviscoplastic relations",
    JOURNAL      = "Int. J. Fracture",
    VOLUME       = "110",
    PAGES        = "47--71",
    }
%
@ARTICLE{Batra01a,
    AUTHOR       = "Batra, R. C. and Chen, L.",
    YEAR         = "2001",
    TITLE        = "Effect of viscoplastic relations on the instability strain,
                    shear band initiation strain, the strain corresponding to
                    the minimum shear band spacing, and band width in a 
                    thermoviscoplastic materials",
    JOURNAL      = "Int. J. Plasticity",
    VOLUME       = "17",
    PAGES        = "1465--1489",
    }
%
@BOOK{Batra06,
    AUTHOR       = "Batra, R. C.",
    TITLE        = "Elements of Continuum Mechanics",
    PUBLISHER    = "AIAA",
    ADDRESS      = "Reston, VA.",
    YEAR         = "2006",
    }
%
@ARTICLE{Baumgart03,
    AUTHOR       = "Baumgart, T. and Hess, S. T. and Webb, W. W.",
    YEAR         = "2003",
    TITLE        = "Imaging coexisting fluid domains in biomembrane models
                    coupling curvature and line tension",
    JOURNAL      = "Nature",
    VOLUME       = "425",
    PAGES        = "821--824",
    }
%
@ARTICLE{Bazant85,
    AUTHOR       = "Bazant, Z. P. and Belytschko, T.", 
    YEAR         = "1985",
    TITLE        = "Wave propagation in a strain-softening bar: {E}xact
                    solution",
    JOURNAL      = "ASCE J. Engg. Mech",
    VOLUME       = "111",
    NUMBER       = "3",
    PAGES        = "381--389",
    }
%
@ARTICLE{Becker02,
    AUTHOR       = "Becker, R. ", 
    YEAR         = "2002",
    TITLE        = "Ring fragmentation predictions using the Gurson model
                    with material stability conditions as failure criteria",
    JOURNAL      = "Int.  J.  Solids Struct. ",
    VOLUME       = "39",
    PAGES        = "3555--3580",
    }
%
@TECHREPORT{Bednar97,
    AUTHOR       = "Bednarcyk, B.  A.  and Pindera, M. -J. ", 
    YEAR         = "1997",
    TITLE        = "Micromechanical modeling of woven metal matrix composites" ,
    NUMBER       = "NASA-CR 204153", 
    INSTITUTION  = "National Aeronautics and Space Administration", 
    ADDRESS      = "Lewis Research Center, USA",
    }
%
@ARTICLE{Bednar00,
    AUTHOR       = "Bednarcyk, B.  and Pindera, M. -J. ", 
    YEAR         = "2000",
    TITLE        = "Inelastic response of a woven carbon/copper composite - 
                    part {II}: micromechanics model",
    JOURNAL      = "J.  Composite Mater. ",
    VOLUME       = "34",
    NUMBER       = "4",
    PAGES        = "299--331",
    }
%
@ARTICLE{Bednar01,
    AUTHOR       = "Bednarcyk, B. A.   and Arnold, S. M. ",
    TITLE        = "Micromechanics-based deformation and failure prediction 
                    for longitudinally reinforced titanium composites",
    JOURNAL      = "Composites Sci.  Tech. ",
    YEAR         = "2001",
    VOLUME       = "61",
    PAGES        = "705--729",
    }
%
@UNPUBLISHED{Bedrov99,
    AUTHOR       = "Bedrov, D.  and Ayyagari, C.  and Smith, G. D. ",
    YEAR         = "1999", 
    TITLE        = "Molecular dynamics simulations of {HMX} crystal polymorphs 
                    using a flexing molecule force field", 
    NOTE         = "Personal communication",
    }
% 
@ARTICLE{Beer85,
    AUTHOR       = "Beer, G. ", 
    YEAR         = "1985",
    TITLE        = "An isoparametric joint/interface element for finite element 
                    analysis",
    JOURNAL      = "Int.  J.  Num.  Meth.  Engng. ",
    VOLUME       = "21",
    PAGES        = "585--600",
    }
%
@BOOK{Beer92,
    AUTHOR       = "Beer, F. P.  and Johnston, E. R. ",
    TITLE        = "Mechanics of Materials, Volume 2",
    ADDRESS      = "New York",
    PUBLISHER    = "McGraw-Hill",
    YEAR         = "1992",
    }
%
@INCOLLECTION{Bell73,
    AUTHOR       = "Bell, J. F. ",
    TITLE        = "The experimental foundations of solid mechanics",
    BOOKTITLE    = "Handbuck der Physik",
    YEAR         = "1973",
    VOLUME       = "VIa/1",
    ADDRESS      = "Berlin",
    PUBLISHER    = "Springer-Verlag",
    PAGES        = "226--793",
    }
%
@BOOK{Belyt00,
    AUTHOR       = "Belytschko, T.  and Liu, W. K.  and Moran, B. ",
    TITLE        = "Nonlinear Finite Elements for Continua and Structures",
    PUBLISHER    = "John Wiley and Sons, Ltd. ",
    ADDRESS      = "New York",
    YEAR         = "2000",
    }
%
@ARTICLE{Belyt03,
    AUTHOR       = "Belytschko, T. and Chen, H. and Xu, J. and Zi, G.",
    YEAR         = "2003",
    TITLE        = "Dynamic crack propagation based on loss of hyperbolicity
                    and a new discontinuous enrichment",
    JOURNAL      = "Int. J. Numer. Meth. Engng.",
    VOLUME       = "58",
    PAGES        = "1873--1905",
    }
%
@ARTICLE{Bennet98,
    AUTHOR       = "Bennett, J. G.  and Haberman, K. S.  and Johnson, J. N.  and
                    Asay, B. W.  and Henson, B. F. ", 
    YEAR         = "1998",
    TITLE        = "A constitutive model for non-shock ignition and
                    mechanical response of high explosives",
    JOURNAL      = "J.  Mech.  Phys.  Solids",
    VOLUME       = "46",
    NUMBER       = "12",
    PAGES        = "2303--2322",
    }
%
@ARTICLE{Benson99,
    AUTHOR       = "Benson, D. J.  and Conley, P. ", 
    YEAR         = "1999",
    TITLE        = "Eulerian finite-element simulations of experimentally 
                    acquired {HMX} microstructures",
    JOURNAL      = "Modelling Simul.  Mater.  Sci.  Eng. ",
    VOLUME       = "7",
    NUMBER       = "3",
    PAGES        = "333--354",
    }
%
@ARTICLE{Benson00,
    AUTHOR       = "Benson, D. J. and Stainier, L. ", 
    YEAR         = "2000",
    TITLE        = "An {E}ulerian shell formulation for fluid-structure 
                    interaction",
    JOURNAL      = "Comput. Methods Appl. Mech. Engrg.",
    VOLUME       = "187",
    PAGES        = "571--590",
    }
%
@ARTICLE{Beran65,
    AUTHOR       = "Beran, M.  and Molyneux, J. ", 
    YEAR         = "1965",
    TITLE        = "Use of classical variational principles to determine bounds 
                    for the effective bulk modulus in heterogeneous media",
    JOURNAL      = "Q.  Appl.  Math. ", 
    VOLUME       = "24",
    PAGES        = "107--118",
    }
%
@ARTICLE{Bergg01,
    AUTHOR       = "Berggren, S. A.  and Lukkassen, D.  and Meidell, A.  
                    and Simula, L. ", 
    YEAR         = "2001",
    TITLE        = "On stiffness properties of square honeycombs and other 
                    unidirectional composites",
    JOURNAL      = "Composites Part B: Engineering",
    VOLUME       = "32",
    NUMBER       = "6",
    PAGES        = "503--511",
    }
%
@ARTICLE{Berly01,
    AUTHOR       = "Berlyand, L.  and Kolpakov, A. ", 
    YEAR         = "2001",
    TITLE        = "Network approximation in the limit of small interparticle 
                    distance of the effective properties of a high-contrast 
                    random dispersed composite",
    JOURNAL      = "Arch.  Rational Mech. Anal. ",
    VOLUME       = "159",
    PAGES        = "179--227",
    }
%
@ARTICLE{Berna78,
    AUTHOR       = "Bernasconi, J. ",
    YEAR         = "1978",
    TITLE        = "Real-space renormalization of bond disordered conductance
                    lattices",
    JOURNAL      = "Physical Review B",
    VOLUME       = "18",
    NUMBER       = "5",
    PAGES        = "2185--2191",
    }
%
@ARTICLE{Berry85,
    AUTHOR       = "Berryman, J. G. ", 
    YEAR         = "1985",
    TITLE        = "Measurement of spatial correlation functions using image 
                    processing techniques",
    JOURNAL      = "J.  Appl.  Phys. ",
    VOLUME       = "57",
    NUMBER       = "7",
    PAGES        = "2374--2384",
    }
%
@ARTICLE{Berry88,
    AUTHOR       = "Berryman, J. G. ", 
    YEAR         = "1988",
    TITLE        = "Interpolating and integrating three-point correlation 
                    functions on a lattice",
    JOURNAL      = "J.  Comp.  Phys. ",
    VOLUME       = "75",
    PAGES        = "86--102",
    }
%
@ARTICLE{Berry881,
    AUTHOR       = "Berryman, J. G.  and Milton, G. W. ", 
    YEAR         = "1988",
    TITLE        = "Microgeometry of random composites and porous media",
    JOURNAL      = "J.  Phys.  D : Appl.  Phys", 
    VOLUME       = "21",
    PAGES        = "87--94",
    }
%
@INCOLLECTION{Berry89,
    AUTHOR       = "Berryman, J. G. ", 
    YEAR         = "1989",
    TITLE        = "Estimating effective moduli of composites using 
                    quantitative image analysis", 
    BOOKTITLE    = "Random Media and Composites",
    PUBLISHER    = "SIAM",
    EDITOR       = "R.  V.  Kohn and G.  W.  Milton", 
    CHAPTER      = "1",
    ADDRESS      = "Philadelphia",
    PAGES        = "3--12",
    }
%
@ARTICLE{Berry96,
    AUTHOR       = "Berryman, J. G.   and Berge, P. ",
    TITLE        = "Critique of two explicit schemes for estimating elastic 
                    properties of multiphase composites",
    JOURNAL      = "Mech.  Mater. ",
    YEAR         = "1996",
    VOLUME       = "22",
    PAGES        = "149--164",
    }
%
@BOOK{Berts82,
    AUTHOR       = "Bertsekas, D. P. ",
    TITLE        = "Constrained Optimization and Lagrange Multiplier Methods",
    ADDRESS      = "New York",
    PUBLISHER    = "Academic Press",
    YEAR         = "1982",
    }
%
@ARTICLE{Bhatta99,
    AUTHOR       = "Bhattacharya, K. and James, R. D.",
    TITLE        = "A theory of thin films of martensitic materials with 
                    applications to microactuators",
    JOURNAL      = "J. mech. Phys. Solids",
    YEAR         = "1999",
    VOLUME       = "47",
    PAGES        = "531--576",
    }
%
@MASTERSTHESIS{Bhawalkar06,
    AUTHOR       = "Bhawalkar, A. ", 
    YEAR         = "2006",
    TITLE        = "The mechanical threshold stress plasticity model for
                    6061-{T}6 aluminum alloy and its numerical validation",
    SCHOOL       = "Department of Mechanical Engineering, University of Utah,
                    Salt Lake City, UT, USA", 
    }
%
@ARTICLE{Blatz62,
    AUTHOR       = "Blatz, P. J.  and Ko, W. L. ",
    TITLE        = "Application of finite elastic theory to the deformation 
                    of rubbery materials",
    JOURNAL      = "Trans.  Soc.  Rheology",
    YEAR         = "1962",
    VOLUME       = "VI",
    PAGES        = "223-251",
    SUMMARY      = "Describes the derivation of the Blatz-Ko material model
                    for isotropic compressible rubbery materials. 
                    Experimental tests of strip biaxial and equibiaxial
                    stretch using a uniaxial materials test machine. ",
    }
%
@ARTICLE{Boehler97,
    AUTHOR       = "Boehler, R. and Ross, M.",
    YEAR         = "1997",
    TITLE        = "Melting curve of aluminum in a diamond cell to 0.8 {M}bar:
                    implications for iron",
    JOURNAL      = "Earth and Planetary Science Letters",
    VOLUME       = "153",
    PAGES        = "223--227",
    }
%
@ARTICLE{Bohm01,
    AUTHOR       = "Bohm, H. J.  and Han, W. ", 
    YEAR         = "2001",
    TITLE        = "Comparisons between three-dimensional and two-dimensional 
                    multi-particle unit cell models for particle reinforced 
                    metal matrix composites",
    JOURNAL      = "Modelling Simul.  Mater.  Sci.  Eng. ",
    VOLUME       = "9",
    PAGES        = "47--65",
    }
%
@BOOK{Bonet97,
    AUTHOR       = "Bonet, J. and Wood, R. D.",
    YEAR         = "1997",
    TITLE        = "Nonlinear Continuum Mechanics for Finite Element Analysis",
    PUBLISHER    = "Cambridge University Press",
    }
%
@ARTICLE{Borst92,
    AUTHOR       = "de Borst, R.  and Muhlhaus, H-B. ", 
    YEAR         = "1992",
    TITLE        = "Gradient-dependent plasticity: formulation and algorithmic
                    aspects",
    JOURNAL      = "Int.  J.  Numer.  Meth.  Engrg. ",
    VOLUME       = "35",
    PAGES        = "521--539",
    }
%
@ARTICLE{Borst03,
    AUTHOR       = "de Borst, R. ", 
    YEAR         = "2003",
    TITLE        = "Numerical aspects of cohesive zone models",
    JOURNAL      = "Engineering Fracture Mechanics",
    VOLUME       = "70",
    PAGES        = "1743--1757",
    }
%
@ARTICLE{Borvik01,
    AUTHOR       = "Borvik, T. and Hopperstad, O. S. and Berstad, T. and
                    Langseth, M.",
    YEAR         = "2001",
    TITLE        = "A computational model of viscoplastcity and ductile damage
                    for impact and penetration",
    JOURNAL      = "Eur. J. Mech. A/Solids",
    VOLUME       = "20",
    PAGES        = "685--712",
    }
%
@ARTICLE{Brailsford70,
    AUTHOR       = "Brailsford, A. D.",
    YEAR         = "1970",
    TITLE        = "Phonon component of dislocation drag",
    JOURNAL      = "J. Appl. Phys.",
    VOLUME       = "41",
    NUMBER       = "11",
    PAGES        = "4439--4442",
    }
%
@ARTICLE{Brailsford72,
    AUTHOR       = "Brailsford, A. D.",
    YEAR         = "1972",
    TITLE        = "Anharmonicity contributions to dislocation drag",
    JOURNAL      = "J. Appl. Phys.",
    VOLUME       = "43",
    NUMBER       = "4",
    PAGES        = "1380--1393",
    }
%
@ARTICLE{Brank02,
    AUTHOR       = "Brank, B.  and Korelc, J.  and Ibrahimbegovic, A. ",
    YEAR         = "2002",
    TITLE        = "Nonlinear shell problem formulation accounting for 
                    through-the-thickness stretching and its finite element
                    implementation",
    JOURNAL      = "Computers and Structures",
    VOLUME       = "80",
    PAGES        = "699--717",
    }
%
@ARTICLE{Brank03,
    AUTHOR       = "Brank, B.  and Korelc, J.  and Ibrahimbegovic, A. ",
    YEAR         = "2003",
    TITLE        = "Dynamics and time-stepping schemes for elastic shells
                    undergoing finite rotations",
    JOURNAL      = "Computers and Structures",
    VOLUME       = "81",
    PAGES        = "1193--1210",
    }
%
@TECHREPORT{Brannon00,
    AUTHOR       = "Brannon, R. M.",
    TITLE        = "The {C}onsistent {K}inetics {P}orosity ({CKP}) model: {A}
                    theory for the mechanical behavior of moderately porous
                    solids",
    INSTITUTION  = "Sandia National Laboratories",
    ADDRESS      = "Albuquerque, New Mexico",
    YEAR         = "2000",
    TYPE         = "Sandia Report",
    NUMBER       = "SAND2000-2696",
    }
%
@ARTICLE{Brown00,
    AUTHOR       = "Brown, J. M. and Fritz, J. N. and Hixson, R. S.",
    YEAR         = "2000",
    TITLE        = "Hugoniot data for iron",
    JOURNAL      = "J. Appl. Phys.",
    VOLUME       = "88",
    NUMBER       = "9",
    PAGES        = "5496--5498",
    }
%
@UNPUBLISHED{Browning01,
    AUTHOR       = "Browning, R. ", 
    YEAR         = "2001",
    TITLE        = "Binder/{PBX} 9501 properties",
    NOTE         = "Personal communication",
    }
%
@ARTICLE{Buehler06,
    AUTHOR       = "Buehler, M. J. and Gao, H.",
    TITLE        = "Dynamic fracture instabilities due to local hyperelasticity
                    at crack tips",
    JOURNAL      = "Nature",
    YEAR         = "2006",
    VOLUME       = "439",
    PAGES        = "307--310",
    }
%
@ARTICLE{Burakovsky00a,
    AUTHOR       = "Burakovsky, L. and Preston, D. L.",
    TITLE        = "Analysis of dislocation mechanism for melting of elements",
    JOURNAL      = "Solid State Comm.",
    YEAR         = "2000",
    VOLUME       = "115",
    PAGES        = "341--345",
    }
%
@ARTICLE{Burakovsky00b,
    AUTHOR       = "Burakovsky, L. and Preston, D. L. and Silbar, R. R.",
    TITLE        = "Melting as a dislocation-mediated phase transition",
    JOURNAL      = "Phys. Rev. B",
    YEAR         = "2000",
    VOLUME       = "61",
    NUMBER       = "22",
    PAGES        = "15011--15018",
    }
%
@ARTICLE{Burakovsky00,
    AUTHOR       = "Burakovsky, L. and Preston, D. L. and Silbar, R. R.",
    TITLE        = "Analysis of dislocation mechanism for melting of elements:
                    pressure dependence",
    JOURNAL      = "J. Appl. Phys.", 
    YEAR         = "2000",
    VOLUME       = "88",
    NUMBER       = "11",
    PAGES        = "6294--6301",
    }
%
@ARTICLE{Burakovsky03,
    AUTHOR       = "Burakovsky, L. and Greeff, C. W. and Preston, D. L.",
    TITLE        = "Analytic model of the shear modulus at all temperatures
                    and densities",
    JOURNAL      = "Phys. Rev. B",
    YEAR         = "2003",
    VOLUME       = "67",
    PAGES        = "094107-1--9",
    }
%
@ARTICLE{Burakovsky05,
    AUTHOR       = "Burakovsky, L. and Preston, D. L.",
    TITLE        = "Generalized {G}uinan-{S}teinberg formula for the shear 
                    modulus at all pressures",
    JOURNAL      = "Phys. Rev. B",
    YEAR         = "2005",
    VOLUME       = "71",
    PAGES        = "184118-1--7",
    }
%
@ARTICLE{Burya01,
    AUTHOR       = "Buryachenko, V. A. ", 
    TITLE        = "Multiparticle effective field and related methods in 
                    micromechanics of composite materials",
    JOURNAL      = "Appl.  Mech.  Rev. ", 
    YEAR         = "2001",
    VOLUME       = "54",
    NUMBER       = "1",
    PAGES        = "1--47",
    }
%
@ARTICLE{Butcher64,
    AUTHOR       = "Butcher, B. M. and Canon, J. R.",
    TITLE        = "Influence of work-hardening on the dynamic stress-strain 
                    curves of 4340 steel",
    JOURNAL      = "AIAA Journal",
    YEAR         = "1964",
    VOLUME       = "2",
    NUMBER       = "12",
    PAGES        = "2174--2179",
    }
%
@ARTICLE{Butcher66,
    AUTHOR       = "Butcher, B. M. and Karnes, C. H.",
    TITLE        = "Strain-rate effects in metals",
    JOURNAL      = "J. Appl. Phys.",
    YEAR         = "1966",
    VOLUME       = "37",
    NUMBER       = "1",
    PAGES        = "402--411",
    }
%
@UNPUBLISHED{Cady99,
    AUTHOR       = "Cady, C. M.  and Gray III, G. T.  and Blumenthal, W. R. ", 
    YEAR         = "1999", 
    TITLE        = "Influence of temperature and strain rate on the mechanical 
                    behavior of extruded {E}stane and {E}stane/glass 
                    composites",  
    NOTE         = "Personal communication",
    }
%
@INPROCEEDINGS{Cady00,
    AUTHOR       = "Cady, C. M.  and Blumenthal, W. R.  and Gray III, G. T.  and 
                    Idar, D. J. ", 
    YEAR         = "2000",
    TITLE        = "Mechanical properties of plastic-bonded explosive binder 
                    materials as a function of strain-rate and temperature", 
    BOOKTITLE    = "Proc.  Intl.  Conf.  on Fund.  Issues and Appl.  of Shock-Wave
                    and High-Strain-Rate Phenomena (EXPLOMET 2000)",
    ADDRESS      = "Albuquerque, New Mexico",
    PAGES        = "",
    }
%
@ARTICLE{Cady01,
    AUTHOR       = "Cady, C. M.  and Gray III, G. T.  ", 
    TITLE        = "Influence of strain rate on the deformation and fracture 
                    response of a 6061-{T}6 {A}l-50 vol. \% {A}l$_2${O}$_3$ 
                    continuous-reinforced composite",
    JOURNAL      = "Material Science and Engineering", 
    YEAR         = "2001",
    VOLUME       = "A298",
    PAGES        = "56--62",
    }
%     
@BOOK{Caillard03,
    AUTHOR       = "Caillard, D. and Martin, J. L.",
    TITLE        = "Thermally Activated Mechanisms in Crystal Plasticity",
    ADDRESS      = "Amsterdam",
    PUBLISHER    = "Pergamon",
    YEAR         = "2003",
    }
%
@ARTICLE{Camacho97,
    AUTHOR       = "Camacho, G. T. and Ortiz, M.",
    YEAR         = "1997",
    TITLE        = "Adaptive {L}agrangian modelling of ballistic penetration
                    of metallic targets",
    JOURNAL      = "Comput. Methods Appl. Mech. Engrg.",
    VOLUME       = "142",
    PAGES        = "269--301",
    }
%     
@ARTICLE{Carrington48,
    AUTHOR       = "Carrington, W. E. and Gayler, M. L. V",
    YEAR         = "1948",
    TITLE        = "The use of flat-ended projectiles for determining 
                    dynamic yield stress {III.} {C}hanges in microstructure
                    caused by deformation under impact at high-striking 
                    velocities",
    JOURNAL      = "Proc. Royal Soc. London A",
    VOLUME       = "194",
    NUMBER       = "1038",
    PAGES        = "323--331",
    }
%     
@ARTICLE{Carpinteri03,
    AUTHOR       = "Carpinteri, A.  and Cornetti, P.  and Barpi, F.  and
                    Valente, S. ", 
    YEAR         = "2003",
    TITLE        = "Cohesive crack model description of ductile to brittle
                    size-scale transition: dimensional analysis vs. 
                    renormalization group theory",
    JOURNAL      = "Engineering Fracture Mechanics",
    VOLUME       = "70",
    PAGES        = "1809--1839",
    }
%     
@ARTICLE{Celent02,
    AUTHOR       = "Celentano, D. J.",
    YEAR         = "2002",
    TITLE        = "Thermomechanical analysis of the {T}aylor impact test",
    JOURNAL      = "J. Appl. Phys.",
    VOLUME       = "91",
    NUMBER       = "6",
    PAGES        = "3675--3686",
    }
%     
@BOOK{Chadwick76,
    AUTHOR       = "Chadwick, P.",
    TITLE        = "Continuum Mechanics: Concise Theory and Problems",
    PUBLISHER    = "George Allen and Unwin Ltd.",
    ADDRESS      = "London",
    YEAR         = "1976",
    }
%
@ARTICLE{Chen96,
    AUTHOR       = "Chen, S. R. and Gray, G. T.",
    YEAR         = "1996",
    TITLE        = "Constitutive behavior of tantalum and tantalum-tungsten 
                    alloys",
    JOURNAL      = "Metall. Mater. Trans. A",
    VOLUME       = "27A",
    PAGES        = "2994--3006",
    }
%     
@ARTICLE{ChenMai98,
    AUTHOR       = "Chen, X. -H.  and Mai, Y. -W. ", 
    YEAR         = "1998",
    TITLE        = "Micromechanics of rubber-toughened polymers",
    JOURNAL      = "J.  Materials Science",
    VOLUME       = "33",
    PAGES        = "3529--3539",
    }
%     
@Article{Cherk92,
    AUTHOR       = "Cherkaev, A. V.  and Lurie, K. A.  and Milton, G. W. ",
    YEAR         = "1992",
    TITLE        = "Invariant properties of the stress in plane elasticity
                    and equivalence classes of composites",
    JOURNAL      = "Proc.  R.  Soc.  Lond.  A",
    VOLUME       = "438",
    NUMBER       = "1904",
    PAGES        = "519--529",
    }
%
@Article{Chhabil99,
    AUTHOR       = "Chhabildas, L. C. and Konrad, C. H. and Mosher, D. A. and
                    Reinhart, W. D. and Duggins, B. D. and Trucano, T. G. and
                    Summers, R. M. and Peery, J. S.",
    YEAR         = "1998",
    TITLE        = "A methodology to validated {3D} arbitrary {L}agrangian
                    {E}ulerian codes with applications to {ALEGRA}",
    JOURNAL      = "Int. J. Impact Engrg.",
    VOLUME       = "23",
    PAGES        = "101--112",
    }
%
@Article{Chi89,
    AUTHOR       = "Chi, Y. C. and Lee, S. and Cho, K. and Duffy, J.",
    YEAR         = "1989",
    TITLE        = "The effect of tempering and test temperature on the 
                    dynamic fracture initiation behavior of an {AISI} 4340
                    {VAR} steel",
    JOURNAL      = "Mat. Sci. Eng.",
    VOLUME       = "A114",
    PAGES        = "105--126",
    }
%
@ARTICLE{Christ90,
    AUTHOR       = "Christensen, R. M. ", 
    YEAR         = "1990",
    TITLE        = "A critical evaluation for a class of micro-mechanics 
                    models",
    JOURNAL      = "J.  Mech.  Phys.  Solids",
    VOLUME       = "38",
    PAGES        = "379--404",
    }
%
@ARTICLE{Christ79,
    AUTHOR       = "Christensen, R. M.  and Lo, K. H. ", 
    YEAR         = "1979",
    TITLE        = "Solutions for effective shear properties in three phase 
                    sphere and cylinder models",
    JOURNAL      = "J.  Mech.  Phys.  Solids",
    VOLUME       = "27",
    NUMBER       = "4",
    PAGES        = "315--330",
    }
%
@ARTICLE{Chu80,
    AUTHOR       = "Chu, C. C. and Needleman, A.",
    YEAR         = "1980",
    TITLE        = "Void nucleation effects in biaxially stretched sheets",
    JOURNAL      = "ASME J. Engg. Mater. Tech.",
    VOLUME       = "102",
    PAGES        = "249--256",
    }
%
@INPROCEEDINGS{Clements01,
    AUTHOR       = "Clements, B. E.  and Mas, E. M. ",
    TITLE        = "Modeling high explosives with the method of cells
                    and {M}ori-{T}anaka effective medium theories",
    BOOKTITLE    = "Proc. , 12th APS Topical Conference on Shock Compression of 
                    Condensed Matter", 
    YEAR         = "2001",
    ORGANIZATION = "American Physical Society",
    PAGES        = "427--430",
    }
%
@INPROCEEDINGS{Clements01a,
    AUTHOR       = "Clements, B. E.  and Mas, E. M.  and Gray III, G. T. ",
    TITLE        = "Investigation of the observed anisotropic fracture in
                    steels",
    BOOKTITLE    = "Proc. , 12th APS Topical Conference on Shock Compression of 
                    Condensed Matter", 
    YEAR         = "2001",
    ORGANIZATION = "American Physical Society",
    PAGES        = "535--538",
    }
%
@ARTICLE{Coleman61,
    AUTHOR       = "Coleman, B. D.  and Noll, W. ",
    TITLE        = "Foundations of linear viscoelasticity",
    JOURNAL      = "Rev.  Modern Physics",
    YEAR         = "1961",
    VOLUME       = "3",
    NUMBER       = "2",
    PAGES        = "239--249",
    }
%
@BOOK{Coplien92,
    AUTHOR       = "Coplien, J. O.", 
    YEAR         = "1992",
    TITLE        = "Advanced C++ Programming Styles and Idioms",
    PUBLISHER    = "Addison-Wesley",
    ADDRESS      = "Reading, MA",
    }
%   
@BOOK{Cormen90,
    AUTHOR       = "Cormen, T. H.  and Leiserson.  C. E.  and Rivest, R. L. ", 
    YEAR         = "1990",
    TITLE        = "Introduction to Algorithms",
    PUBLISHER    = "McGraw-Hill Book Company", 
    ADDRESS      = "New York",
    }
%   
@ARTICLE{Cornec03,
    AUTHOR       = "Cornec, A.  and Scheider, I.  and Schwalbe, K-H. ",
    TITLE        = "On the practical application of the cohesive model",
    JOURNAL      = "Engineering Fracture Mechanics",
    YEAR         = "2003",
    VOLUME       = "70",
    PAGES        = "1963--1987",
    }
%
@ARTICLE{Costanzo05,
    AUTHOR       = "Costanzo, F. and Gray, G. L. and Andia, P. C.",
    YEAR         = "1985",
    TITLE        = "On the definitions of effective stress and deformation gradient
                    for use in {MD}: {H}ill's macro-homogeneity and the virial
                    theorem",
    JOURNAL      = "Int. J. Engg. Sci.",
    VOLUME       = "43",
    PAGES        = "533--555",
    }
%
@ARTICLE{Cottrell49,
    AUTHOR       = "Cottrell, A. H. and Bilby, B. A.",
    TITLE        = "Dislocation theory of yielding and strain aging of iron",
    JOURNAL      = "Proc. Phys. Soc. London A",
    YEAR         = "1949",
    VOLUME       = "62",
    PAGES        = "49--62",
    }
%
@ARTICLE{Courage92,
    AUTHOR       = "Courage, W. M. G.  and Schreurs, P. J. G. ", 
    YEAR         = "1992",
    TITLE        = "Effective material parameters for composites with randomly 
                    oriented short fibers",
    JOURNAL      = "Computers and Structures",
    VOLUME       = "44",
    NUMBER       = "6",
    PAGES        = "1179--1185",
    }
%
@ARTICLE{Curran87,
    AUTHOR       = "Curran, D. R. and Seaman, L.",
    YEAR         = "1987",
    TITLE        = "Dynamic failure of solids",
    JOURNAL      = "Physics Reports",
    VOLUME       = "147",
    NUMBER       = "5--6",
    PAGES        = "253--388",
    }
%
@INPROCEEDINGS{Dav2000,
    AUTHOR       = "de St.  Germain, J. D.  and McCorquodale, J.  and Parker, S. G. 
                    and Johnson, C. R. ",
    YEAR         = "2000",
    TITLE        = "Uintah: a massively parallel problem solving environment",
    BOOKTITLE    = "Ninth IEEE International Symposium on
                    High Performance and Distributed Computing",
    MONTH        = "Nov",
    PAGES        = "33--41",
    PUBLISHER    = "IEEE, Piscataway, NJ",
}
%
@PHDTHESIS{Davidson73,
    AUTHOR       = "Davidson, P. G. ",
    TITLE        = "The effects of high pressure and temperature environments 
                    on the properties of 6061-{T}651 {A}luminum",
    SCHOOL       = "Department of mechanical engineering, University of 
                    Missouri-Rolls ",
    YEAR         = "1973",
    ADDRESS      = "Rolla, MO"
    }
%
@ARTICLE{Davis95,
    AUTHOR       = "Davis, L. C.  and Allison, J. E. ", 
    YEAR         = "1995",
    TITLE        = "Finite element modelling of the thermo-mechanical 
                    properties of metal-matrix composites", 
    BOOKTITLE    = "Computational Methods in Micromechanics (ASME)  
                    AMD 212/MD 62",
    EDITOR       = "S.  Ghosh and M.  Ostoja-Starzewski",
    PAGES        = "55--69",
    }
%
@ARTICLE{Day92,
    AUTHOR       = "Day, A. R.  and Snyder, K. A.  and Garboczi, E. J.  and 
                    Thorpe, M. F. ",
    TITLE        = "The elastic moduli of a sheet containing circular holes",
    JOURNAL      = "J.  Mech.  Phys.  Solids",
    YEAR         = "1992",
    VOLUME       = "40",
    NUMBER       = "5",
    PAGES        = "1031--1051",
    }
%
@ARTICLE{Desai87,
    AUTHOR       = "Desai, P. D.",
    TITLE        = "Thermodynamic properties of aluminum",
    JOURNAL      = "Int. J. Thermophysics",
    YEAR         = "1987",
    VOLUME       = "8",
    NUMBER       = "5",
    PAGES        = "621--638",
    }
%
@TECHREPORT{Dick98,
    AUTHOR       = "Dick, J. J.  and Martinez, A. R.  and Hixson, R. X. ",
    TITLE        = "Plane impact response of {PBX} 9501 and its components 
                    below 2 {GP}a", 
    INSTITUTION  = "Los Alamos National Laboratory",
    ADDRESS      = "New Mexico",
    YEAR         = "1998",
    TYPE         = "Report",
    NUMBER       = "LA-13426-MS",
    }
%
@ARTICLE{Dickson04,
    AUTHOR       = "Dickson, P. M. and Asay, B. W. and Henson, B. F. and
                    Smilowitz, L. B.",
    TITLE        = "Thermal cook-off response of confined PBX 9501",
    JOURNAL      = "Proc. R. Soc. Lond. A",
    YEAR         = "2004",
    VOLUME       = "460",
    PAGES        = "3447--3455",
    }
%
@TECHREPORT{Dike97,
    AUTHOR       = "Dike, J. J. and Brooks, J. A. and Bammann, D. J. and
                    Li, M.",
    YEAR         = "1997",
    TITLE        = "Thermal-mechanical modeling and experimental validation 
                    of weld solidification cracking in 6061-{T}6 aluminum",
    NUMBER       = "SAND-97-8582C ", 
    INSTITUTION  = "Sandia National Laboratories", 
    ADDRESS      = "Albuquerque, New Mexico",
    }
%
@ARTICLE{Dinsdale04,
    AUTHOR       = "Dinsdale, A. T. and Quested, P. N.",
    TITLE        = "The viscosity of aluminum and its alloys - {A} review
                    of data and models",
    JOURNAL      = "J. Materials Science",
    YEAR         = "2004",
    VOLUME       = "39",
    PAGES        = "7221--7228",
    }
%
@ARTICLE{Dobro91,
    AUTHOR       = "Dobrosavljevic, A. S. and Maglic, K. D.",
    YEAR         = "1991",
    TITLE        = "Heat capacity and electrical resistivity of copper
                    research material for calorimetry",
    JOURNAL      = "High Temperatures-High Pressures",
    VOLUME       = "23",
    PAGES        = "129--133",
    }
%
@ARTICLE{Dong96,
    AUTHOR       = "Dong, Z.  and Wu, Y. ", 
    YEAR         = "1996",
    TITLE        = "Micromechanics analysis of particulate-reinforced 
                    composites and their failure mechanisms",
    JOURNAL      = "J.  Materials Science",
    VOLUME       = "31",
    PAGES        = "4401--4405",
    }
%
@ARTICLE{Drucker59,
    AUTHOR       = "Drucker, D. C.", 
    YEAR         = "1959",
    TITLE        = "A definition of stable inelastic material",
    JOURNAL      = "J. Appl. Mech.",
    VOLUME       = "26",
    PAGES        = "101--106",
    }
%
@ARTICLE{Drugan96,
    AUTHOR       = "Drugan, W. J.  and Willis, J. R. ", 
    YEAR         = "1996",
    TITLE        = "A micromechanics-based nonlocal constitutive equation 
                    and estimates of representative volume element size for 
                    elastic composites",
    JOURNAL      = "J.  Mech.  Phys.  Solids",
    VOLUME       = "44",
    NUMBER       = "4",
    PAGES        = "497--524", 
    }
%
@ARTICLE{Duva96,
    AUTHOR       = "Duva, J. M.  and Aboudi, J.  and Herakovich, C. T. ", 
    YEAR         = "1996",
    TITLE        = "A probabilistic model for damaged composites",
    JOURNAL      = "J.  Engg.  Mater.  Tech",
    VOLUME       = "118",
    PAGES        = "548--553",
    }
%
@ARTICLE{Dvorak93,
    AUTHOR       = "Dvorak, G. J. ", 
    YEAR         = "1993",
    TITLE        = "Micromechanics of inelastic composite materials : theory 
                    and experiment",
    JOURNAL      = "J.  Engg.  Mater.  Tech. ",
    VOLUME       = "115",
    PAGES        = "327--338",
    }
%
@Article{Dyson96,
    AUTHOR       = "Dyson, B. F.  and Hayhurst, D. R.  and Lin, J. ",
    YEAR         = "1996",
    TITLE        = "The ridged biaxial testpiece: creep and fracture predictions
                    using large-displacement finite-element analyses",
    JOURNAL      = "Proc.  R.  Soc.  Lond.  A",
    VOLUME       = "452",
    NUMBER       = "1946",
    PAGES        = "655--676",
    }
%
@MASTERSTHESIS{Eleiche72,
    AUTHOR       = "Eleiche, A. M. ", 
    YEAR         = "1972",
    TITLE        = "Experimental Investigations in the stress-strain 
                    Charactesistics of Polycrystalline Metals and               
                    Alloys at high Strain-Rates and Elevated Temperatures - 
                    Survey",
    SCHOOL       = "Division of Engineering, Brown University", 
    }
%    
@ARTICLE{Erlich85,
    AUTHOR       = "Erlich, D. C. and Chartagnac, P.",
    YEAR         = "1985",
    TITLE        = "Determination of dynamic flow curve of metals at ambient
                    and elevated temperatures by rod impact techniques",
    JOURNAL      = "Journal de Physique",
    VOLUME       = "46",
    PAGES        = "C5-455--C5-462",
    }
%
@INCOLLECTION{Espinosa00,
    AUTHOR       = "Espinosa, H. D. and Nemat-Nasser, S.",
    YEAR         = "2000",
    TITLE        = "Low-velocity impact testing",
    BOOKTITLE    = "ASM Handbook Volume 8",
    PUBLISHER    = "ASM International",
    EDITOR       = "Lampan, S. ",
    ADDRESS      = "Metals Park",
    PAGES        = "539--559",
    }
%
@ARTICLE{Estrin86,
    AUTHOR       = "Estrin, Y. and Kubin, L. P.",
    YEAR         = "1986",
    TITLE        = "Local strain hardening and nonuniformity of plastic
                    deformation",
    JOURNAL      = "Acta Metall.",
    VOLUME       = "34",
    NUMBER       = "12",
    PAGES        = "2455--2464",
    }
%
@ARTICLE{Falk01,
    AUTHOR       = "Falk, M. L. and Needleman, A. and Rice, J. R.",
    YEAR         = "2001",
    TITLE        = "A critical evaluation of cohesive zone models of 
                    dynamic fracture",
    JOURNAL      = "J. Phys. IV France",
    VOLUME       = "11",
    PAGES        = "Pr5-43--Pr5-50",
    }
%
@ARTICLE{Feng84,
    AUTHOR       = "Feng, S.  and Sen, P. N. ",
    YEAR         = "1984",
    TITLE        = "Percolation in elastic networks: new exponent and
                    threshold",
    JOURNAL      = "Physical Review Letters",
    VOLUME       = "52",
    NUMBER       = "3",
    PAGES        = "216--219",
    }
%
@ARTICLE{Feng85,
    AUTHOR       = "Feng, S.  and Sahimi, M",
    YEAR         = "1985",
    TITLE        = "Position-space renormalization for elastic percolation
                    networks with bond-bending forces",
    JOURNAL      = "Physical Review B",
    VOLUME       = "31",
    NUMBER       = "3",
    PAGES        = "1671--1673",
    }
%
@UNPUBLISHED{Fish05,
    AUTHOR       = "Fish, J.  and Oskay, C.  and Fan, R.  and Barsoum, R. ", 
    YEAR         = "2005", 
    TITLE        = "Al 6061-{T}6-elastomer impact simulations",  
    NOTE         = "Electronic document",
    }
%
@ARTICLE{Flory61,
    AUTHOR       = "Flory, P. J. ",
    TITLE        = "Thermodynamic relations for high elastic materials",
    JOURNAL      = "Trans.  Faraday.  Soc. ",
    YEAR         = "1961",
    VOLUME       = "57",
    PAGES        = "829--838",
    }
%
@ARTICLE{Follans88,
    AUTHOR       = "Follansbee, P. S. and Kocks, U. F.",
    TITLE        = "A Constitutive Description of the Deformation of copper 
                    Based on the Use of the Mechanical Threshold Stress as an 
                    Internal State Variable",
    JOURNAL      = "Acta Metall.",
    YEAR         = "1988",
    VOLUME       = "36",
    PAGES        = "82--93",
    }
%
@BOOK{Fortin83,
    AUTHOR       = "Fortin, M.  and Glowinski, R. ",
    TITLE        = "Augmented Lagrangian Methods:  Applications to the Numerical
                    Solution of Boundary-Value Problems",
    ADDRESS      = "Amsterdam",
    PUBLISHER    = "Elsevier Science Publishers",
    YEAR         = "1983",
    }
%
@ARTICLE{Frost71,
    AUTHOR       = "Frost, H. J. and Ashby, M. F.",
    TITLE        = "Motion of a dislocation acted on by a viscous drag
                    through an array of discrete obstacles",
    JOURNAL      = "J. Appl. Phys.",
    YEAR         = "1971",
    VOLUME       = "42",
    NUMBER       = "13",
    PAGES        = "5273--5279",
    }
%
@ARTICLE{Fukuhara93,
    AUTHOR       = "Fukuhara, M. and Sanpei, A.",
    TITLE        = "Elastic moduli and internal friction of low carbon and
                    stainless steels as a function of temperature",
    JOURNAL      = "ISIJ International",
    YEAR         = "1993",
    VOLUME       = "33",
    NUMBER       = "4",
    PAGES        = "508--512",
    }
%
@ARTICLE{Gan00,
    AUTHOR       = "Gan, H.  and Orozco, C. E.  and Herakovich, C. T. ", 
    YEAR         = "2000",
    TITLE        = "A strain-compatible method for micromechanical analysis 
                    of multi-phase composites",
    JOURNAL      = "Int.  J.  Solids Struct. ",
    VOLUME       = "37",
    PAGES        = "5097--5122",
    }
%
@ARTICLE{Gao98,
    AUTHOR       = "Gao, H. and Klein, P.",
    YEAR         = "1998",
    TITLE        = "Numerical simulation of crack growth in an isotropic solid 
                    with randomized internal cohesive bonds",
    JOURNAL      = "J. Mech. Phys. Solids",
    VOLUME       = "46",
    NUMBER       = "2",
    PAGES        = "187--218",
    }
%
@ARTICLE{Garbo95,
    AUTHOR       = "Garbozci, E. J.  and Day, A. R. ", 
    YEAR         = "1995",
    TITLE        = "An algorithm for computing the effective linear elastic 
                    properties of heterogeneous materials : three-dimensional 
                    results for composites with equal phase {P}oisson's ratios",
    JOURNAL      = "J.  Mech.  Phys.  Solids",
    VOLUME       = "43",
    NUMBER       = "9",
    PAGES        = "1349--1362",
    }
%
@ARTICLE{Garbo01,
    AUTHOR       = "Garbozci, E. J.  and Berryman, J. G. ", 
    YEAR         = "2001",
    TITLE        = "Elastic moduli of a material containing composite 
                    inclusions: {E}ffective medium theory and finite element 
                    computations", 
    JOURNAL      = "Mechanics of Materials",
    VOLUME       = "33",
    NUMBER       = "8",
    PAGES        = "455--470",
    }
%
@ARTICLE{Garbo02,
    AUTHOR       = "Roberts, A. P.  and Garboczi, E. J. ",
    YEAR         = "2002",
    TITLE        = "Computation of the linear elastic properties of random 
                    porous materials with a wide variety of microstructure",
    JOURNAL      = "Proc.  R.  Soc.  Lond.  A",
    VOLUME       = "458",
    PAGES        = "1033--1054",
    }
%
@ARTICLE{Geers98,
    AUTHOR       = "Geers, M. G. D.  and de Borst, R.  and Brekelmans, W. A. M. 
                    and Peerlings, R. H. J. ",
    TITLE        = "Strain-based transient-gradient damage model for failure
                    analyses",
    JOURNAL      = "Comput.  Methods Appl.  Mech.  Engrg. ",
    YEAR         = "1998",
    VOLUME       = "160",
    PAGES        = "133--153",
    }
%
@INCOLLECTION{Geers01,
    AUTHOR       = "Geers, M. G. D.  and Engelen, R. A. B and Ubachs, R. J. M. ",
    YEAR         = "2001",
    TITLE        = "On the numerical modeling of ductile damage with an
                    implicit gradient enhanced formulation",
    BOOKTITLE    = "Numerical Modelling in Damage Mechanics",
    PUBLISHER    = "Kogan Page Science",
    EDITOR       = "Saanouni, K. ",
    CHAPTER      = "2",
    ADDRESS      = "London",
    PAGES        = "19--38",
    }
%
@ARTICLE{Geers04,
    AUTHOR       = "Geers, M. G. D.",
    TITLE        = "Finite strain logarithmic hyperelasto-plasticity with 
                    softening: a strongly non-local implicit gradient framework",
    JOURNAL      = "Comput.  Methods Appl.  Mech.  Engrg. ",
    YEAR         = "2004",
    VOLUME       = "193",
    PAGES        = "3377--3401",
    }
%
@ARTICLE{Gellmann54,
    AUTHOR       = "Gell-Mann, M.  and Low, F. E. ",
    TITLE        = "Quantum electrodynamics at small distances",
    JOURNAL      = "Physical Review",
    YEAR         = "1954",
    VOLUME       = "95",
    NUMBER       = "5",
    PAGES        = "1300--1312",
    }
%
@ARTICLE{Ghosh91,
    AUTHOR       = "Ghosh, S.  and Mukhopadhyay, S. N. ", 
    YEAR         = "1991",
    TITLE        = "A two-dimensional automatic mesh generator for finite 
                    element analysis of random composites",
    JOURNAL      = "Computers and Structures",
    VOLUME       = "41",
    NUMBER       = "2",
    PAGES        = "245--256",
    }
%
@INCOLLECTION{Ghosh95,
    AUTHOR       = "Ghosh, S.  and Moorthy, S.  and Allison, J. E. ", 
    YEAR         = "1995",
    TITLE        = "Multiple scale elastic-plastic analysis of heterogeneous 
                    materials with the {V}oronoi cell finite element model", 
    BOOKTITLE    = "Computational Methods in Micromechanics AMD 212/MD 62",
    PUBLISHER    = "ASME",
    EDITOR       = "S.  Ghosh and M.  Ostoja-Starzewski",
    PAGES        = "87--105",
    }
%
@BOOK{Gibbs80,
    AUTHOR       = "Gibbs, T. R.  and Popolato, A. ",
    TITLE        = "LASL Explosive Property Data",
    PUBLISHER    = "Univ.  of California Press",
    ADDRESS      = "Berkeley, California",
    YEAR         = "1980",
    }
%
@INPROCEEDINGS{Gilmore01,
    AUTHOR       = "Gilmore, M. R. and Foster, J. C. and Wilson, L. L.",
    TITLE        = "Dynamic fracture studies using sleeved {T}aylor 
                    specimens",
    BOOKTITLE    = "Proc. , 12th APS Topical Conference on Shock Compression of 
                    Condensed Matter", 
    YEAR         = "2001",
    ORGANIZATION = "American Physical Society",
    PAGES        = "519--522",
    }
%
@ARTICLE{Goto00,
    AUTHOR       = "Goto, D. M.  and Bingert, J. F.  and Chen, S. R.  and
                    Gray, G. T.  and Garrett, R. K. ",
    TITLE        = "The mechanical threshold stress constitutive-strength
                    model description of {HY}-100 steel",
    JOURNAL      = "Metallurgical and Materials Transactions A",
    YEAR         = "2000",
    VOLUME       = "31A",
    PAGES        = "1985--1996",
    }
%
@ARTICLE{Goto00a,
    AUTHOR       = "Goto, D. M.  and Bingert, J. F.  and Reed, W. R.  and
                    Garrett, R. K. ",
    TITLE        = "Anisotropy-corrected {MTS} constitutive strength
                    modeling in {HY}-100 steel",
    JOURNAL      = "Scripta Mater. ",
    YEAR         = "2000",
    VOLUME       = "42",
    PAGES        = "1125--1131",
    }
%
@ARTICLE{Govind92,
    AUTHOR       = "Govindjee, S.  and Simo, J. C. ",
    TITLE        = "Mullins' effect and the strain amplitude dependence 
                    of the storage modulus",
    JOURNAL      = "Int.  J.  Solids Struct. ",
    YEAR         = "1992",
    VOLUME       = "29",
    PAGES        = "1737--1751",
    }
%
@INCOLLECTION{Grady92,
    AUTHOR       = "Grady, D. E. and Hightower, M. M.",
    YEAR         = "1992",
    TITLE        = "Natural fragmentation of exploding cylinders",
    BOOKTITLE    = "Shock-Wave and High-Strain-Rate Phenomena in Materials",
    PUBLISHER    = "Marcel Dekker Inc. ",
    EDITOR       = "Meyers, M. A.  and Murr, L. E.  and Staudhammer, K. P. ",
    CHAPTER      = "65",
    ADDRESS      = "New York",
    PAGES        = "713--721",
    }
%
@INPROCEEDINGS{Grady01,
    AUTHOR       = "Grady, D. E.",
    TITLE        = "Fragmentation of expanding cylinders and the statistical
                    theory of {N}. {F}. {M}ott",
    BOOKTITLE    = "Proc. , 12th APS Topical Conference on Shock Compression of 
                    Condensed Matter", 
    YEAR         = "2001",
    ORGANIZATION = "American Physical Society",
    PAGES        = "799--802",
    }
%
@INPROCEEDINGS{Gray98,
    AUTHOR       = "Gray III, G. T.  and Idar, D. J.  and Blumenthal, W. R.  
                    and Cady, C. M.  and Peterson, P. D. ", 
    TITLE        = "High- and low-strain rate compression properties of 
                    several energetic material composites as a function of 
                    strain rate and temperature", 
    BOOKTITLE    = "Proc. , 11th International Detonation Symposium", 
    YEAR         = "1998",
    ADDRESS      = "Snowmass, Colorado",
    PAGES        = "76--84",
    }
%
@TECHREPORT{Green66,
    AUTHOR       = "Green, S. J.  and Babcock, S. G. ",
    YEAR         = "1966",
    TITLE        = "High strain rate properties of eleven reentry-vehicle 
                    materials at elevated temperatures",
    NUMBER       = "AFFDL-TR-67-35", 
    NOTE         = "Part I of Final Report for DASA contract DA-49-149-XZ-322",
    INSTITUTION  = "DASA",
    }
%
@BOOK{Green70,
    AUTHOR       = "Green, A. E. ",
    TITLE        = "Large Elastic Deformations",
    ADDRESS      = "Oxford, England",
    PUBLISHER    = "Clarendon Press",
    YEAR         = "1970",
    }
%
@BOOK{Greenberg78,
    AUTHOR       = "Greenberg, M. D.",
    TITLE        = "Foundations of Applied Mathematics",
    PUBLISHER    = "Prentice-Hall Inc.",
    ADDRESS      = "Englewood Cliffs, New Jersey",
    YEAR         = "1978",
    }
%
@ARTICLE{Greeng98,
    AUTHOR       = "Greengard, L.   and Helsing, J. ",
    TITLE        = "On the numerical evaluation of elastostatic fields in 
                    locally isotropic two-phase composites",
    JOURNAL      = "J.  Mech.  Phys.  Solids",
    YEAR         = "1998",
    VOLUME       = "46",
    PAGES        = "1441--1462",
    }
%
@ARTICLE{Guedes90,
    AUTHOR       = "Guedes, J. M. ",
    TITLE        = "Nonlinear computational models for composite materials 
                    using homogenization",
    JOURNAL      = "Ph. D.  Dissertation",
    YEAR         = "1990",
    VOLUME       = "University of Michigan",
    PAGES        = "",
    }
%
@ARTICLE{Guedes90_1,
    AUTHOR       = "Guedes, J. M.  and Kikuchi, N. ",
    TITLE        = "Preprocessing and postprocessing for materials based on the 
                    homogenization method with adaptive finite element 
                    solutions",
    JOURNAL      = "Comp.  Meth.  Appl.  Mech.  Eng. ",
    YEAR         = "1990",
    VOLUME       = "83",
    PAGES        = "143--198",
    }
%
@UNPUBLISHED{Guilkey02,
    AUTHOR       = "Guilkey, J. E.  and Weiss, J. A. ",
    YEAR         = "2002", 
    TITLE        = "A general membrane formulation for use with the material
                    point method",
    NOTE         = "In preparation. ",
     }
%
@ARTICLE{Guilkey03,
    AUTHOR       = "Guilkey, J. E.  and Weiss, J. A. ",
    TITLE        = "Implicit time integration for the material point method:
                    {Q}uantitative and algorithmic comparisons with the 
                    finite element method",
    JOURNAL      = "Int.  J.  Numer.  Meth.  Engng.",
    YEAR         = "2003",
    VOLUME       = "57",
    NUMBER       = "9",
    PAGES        = "1323--1338",
    }
%
@ARTICLE{Guinan74,
    AUTHOR       = "Guinan, M. W. and Steinberg, D. J.",
    TITLE        = "Pressure and temperature derivatives of the isotropic
                    polycrystalline shear modulus for 65 elements",
    JOURNAL      = "J. Phys. Chem. Solids",
    YEAR         = "1974",
    VOLUME       = "35",
    PAGES        = "1501--1512",
    }
%
@ARTICLE{Guinan75,
    AUTHOR       = "Guinan, M. W. and Steinberg, D. J.",
    TITLE        = "A simple approach to extrapolating measured
                    polycrystalline shear moduli to very high pressure",
    JOURNAL      = "J. Phys. Chem. Solids",
    YEAR         = "1975",
    VOLUME       = "36",
    PAGES        = "829--829",
    }
%
@ARTICLE{Gurson77,
    AUTHOR       = "Gurson, A. L. ",
    TITLE        = "Continuum theory of ductile rupture by void nucleation 
                    and growth: {P}art 1. {Y}ield criteria and flow rules 
                    for porous ductile media",
    JOURNAL      = "ASME J. Engg. Mater. Tech.",
    YEAR         = "1977",
    VOLUME       = "99",
    PAGES        = "2--15",
    }
%
@INCOLLECTION{Gurtin72,
    AUTHOR       = "Gurtin, M. E.",
    YEAR         = "1972",
    TITLE        = "The linear theory of elasticity",
    BOOKTITLE    = "Encyclopedia of Physics (Handbuch der Physik)",
    EDITOR       = "Truesdell, C.",
    PUBLISHER    = "Springer-Verlag",
    ADDRESS      = "Berlin",
    PAGES        = "1--295",
    }
%
@BOOK{Gurtin81,
    AUTHOR       = "Gurtin, M. E.",
    TITLE        = "An Introduction to Continuum Mechanics",
    PUBLISHER    = "Academic Press",
    ADDRESS      = "New York",
    YEAR         = "1981",
    }
%
@ARTICLE{Gusev97,
    AUTHOR       = "Gusev, A. A. ", 
    YEAR         = "1997",
    TITLE        = "Representative volume element size for elastic 
                    composites : a numerical study",
    JOURNAL      = "J.  Mech.  Phys.  Solids",
    VOLUME       = "45",
    NUMBER       = "9",
    PAGES        = "1449--1459",
    }
%
@ARTICLE{Gust79,
    AUTHOR       = "Gust, W. H. and Steinberg, D. J. and Young, D. A. ", 
    YEAR         = "1979",
    TITLE        = "Hugoniot parameters to 320 {GP}a for three types of
                    steel",
    JOURNAL      = "High Temp. High Pres.",
    VOLUME       = "11",
    PAGES        = "271--280",
    }
%
@ARTICLE{Gust82,
    AUTHOR       = "Gust, W. H. ", 
    YEAR         = "1982",
    TITLE        = "High impact deformation of metal cylinders at elevated 
                    temperatures",
    JOURNAL      = "J. Appl. Phys.",
    VOLUME       = "53",
    NUMBER       = "5",
    PAGES        = "3566--3575",
    }
%
@ARTICLE{Hancock76,
    AUTHOR       = "Hancock, J. W. and MacKenzie, A. C.",
    TITLE        = "On the mechanisms of ductile failure in high-strength steels
                    subjected to multi-axial stress-states",
    JOURNAL      = "J. Mech. Phys. Solids",
    YEAR         = "1976",
    VOLUME       = "24",
    PAGES        = "147--167",
    }
%
@INCOLLECTION{Hanson05,
    AUTHOR       = "Hanson, K. M.",
    YEAR         = "2005",
    TITLE        = "Inference about the plastic behavior of materials 
                    from experimental data",
    BOOKTITLE    = "Sensitivity Analysis of Model Output",
    EDITOR       = "Hanson, K. M. and Hemez, F. M.",
    PUBLISHER    = "Los Alamos Research Library",
    ADDRESS      = "Los Alamos, NM",
    PAGES        = "126--136",
    }
%
@ARTICLE{Hao97,
    AUTHOR       = "Hao, S. and Brocks, W.",
    TITLE        = "The {G}urson-{T}vergaard-{N}eedleman model for rate and
                    temperature-dependent materials with isotropic and 
                    kinematic hardening",
    JOURNAL      = "Computational Mechanics",
    YEAR         = "1997",
    VOLUME       = "20",
    PAGES        = "34--40",
    }
%
@ARTICLE{Hao00,
    AUTHOR       = "Hao, S. and Liu, W. K. and Qian, D.",
    TITLE        = "Localization-induced band and cohesive model",
    JOURNAL      = "J. Appl. Mech.",
    YEAR         = "2000",
    VOLUME       = "67",
    PAGES        = "803--812",
    }
%
@ARTICLE{Hartman64,
    AUTHOR       = "Hartman, W. F.",
    TITLE        = "Determination of unloading behavior of uniaxially strained
                    6061-{T}6 aluminum from residual strain measurements",
    JOURNAL      = "J. Appl. Phys.",
    YEAR         = "1964",
    VOLUME       = "35",
    NUMBER       = "7",
    PAGES        = "2090--2096",
    }
%
@ARTICLE{Hashin62,
    AUTHOR       = "Hashin, Z. ",
    TITLE        = "The elastic moduli of heterogeneous materials",
    JOURNAL      = "J.  Appl.  Mech. ",
    YEAR         = "1962",
    VOLUME       = "29",
    PAGES        = "143--150",
    }
%
@ARTICLE{Hashin63,
    AUTHOR       = "Hashin, Z.  and Shtrikman, S. ", 
    TITLE        = "A variational approach to the theory of the elastic 
                    behavior of multiphase materials",
    JOURNAL      = "J.  Mech.  Phys.  Solids",
    YEAR         = "1963",
    VOLUME       = "11",
    PAGES        = "127--140",
    }
%
@ARTICLE{Hashin64,
    AUTHOR       = "Hashin, Z.  and Rosen, B. W. ",
    TITLE        = "The elastic moduli of fiber-reinforced materials",
    JOURNAL      = "ASME J.  Appl.  Mech. ",
    YEAR         = "1964",
    VOLUME       = "31",
    PAGES        = "223--232",
    }
%
@ARTICLE{Hashin79,
    AUTHOR       = "Hashin, Z. ", 
    YEAR         = "1979",
    TITLE        = "Analysis of properties of fiber composites with 
                    anisotropic constituents",
    JOURNAL      = "J.  Applied Mechanics",
    VOLUME       = "46",
    PAGES        = "543--550", 
    }
%
@ARTICLE{Hashin63,
    AUTHOR       = "Hashin, Z.  and Shtrikman, S. ", 
    TITLE        = "A variational approach to the theory of the elastic 
                    behavior of multiphase materials",
    JOURNAL      = "J.  Mech.  Phys.  Solids",
    YEAR         = "1963",
    VOLUME       = "11",
    PAGES        = "127--140",
    }
%
@ARTICLE{Hassani98,
    AUTHOR       = "Hassani, B.   and Hinton, E. ",
    TITLE        = "A review of homogenization and topology optimization 1 - 
                    homogenization theory for media with periodic structure",
    JOURNAL      = "Computers and Structures",
    YEAR         = "1998",
    VOLUME       = "69",
    PAGES        = "707--717",
    }
%
@ARTICLE{Hassani98_1,
    AUTHOR       = "Hassani, B.  and Hinton, E. ", 
    YEAR         = "1998",
    TITLE        = "A review of homogenization and topology optimization {II} - 
                    analytical and numerical solutions of homogenization 
                    equations",
    JOURNAL      = "Computers and Structures",
    VOLUME       = "69",
    PAGES        = "719--738",
    }
%
@ARTICLE{Hawkyard68,
    AUTHOR       = "Hawkyard, J. B. and Eaton, D. and Johnson, W.",
    YEAR         = "1968",
    TITLE        = "The mean dynamic yield strength of copper and low carbon
                    steel at elevated temperatures from measurements of the
                    ``mushrooming'' of flat-ended projectiles",
    JOURNAL      = "Int. J. Mech. Sci.",
    VOLUME       = "10",
    PAGES        = "929--948",
    }
%
@ARTICLE{Helsing94,
    AUTHOR       = "Helsing, J. ", 
    YEAR         = "1994",
    TITLE        = "Fast and accurate calculations of structural parameters of 
                    suspensions",
    JOURNAL      = "Proc.  R.  Soc.  Lond.  A",
    VOLUME       = "445",
    PAGES        = "127--140",
    }
%
@ARTICLE{Helsing95,
    AUTHOR       = "Helsing, J. ", 
    YEAR         = "1995",
    TITLE        = "An integral equation method for elastostatics of periodic 
                    composites",
    JOURNAL      = "J.  Mech.  Phys.  Solids",
    VOLUME       = "43",
    NUMBER       = "6",
    PAGES        = "815--828",
    }
%
@ARTICLE{Helsing97,
    AUTHOR       = "Helsing, J.  and Milton, G. W.  and Movchan, A. B. ", 
    YEAR         = "1997",
    TITLE        = "Duality relations, correspondences, and numerical results 
                    for planar elastic composites",
    JOURNAL      = "J.  Mech.  Phys.  Solids",
    VOLUME       = "45",
    NUMBER       = "4",
    PAGES        = "565--590",
    }
%
@ARTICLE{Herr92,
    AUTHOR       = "Herrmann, M.  and Engel, W.  and Eisenrich, N. ", 
    YEAR         = "1992", 
    TITLE        = "Thermal expansion, transitions, sensitivities and burning 
                    rates of {HMX}",  
    JOURNAL      = "Propellants, Explosives, Pyrotechnics",
    VOLUME       = "17",
    PAGES        = "190--195",
    }
%     
@ARTICLE{Hill63,
    AUTHOR       = "Hill, R. ", 
    YEAR         = "1963",
    TITLE        = "Elastic properties of reinforced solids : some theoretical 
                    principles", 
    JOURNAL      = "J.  Mech.  Phys.  Solids",
    VOLUME       = "11",
    PAGES        = "357--372",
    }
%
@ARTICLE{Hill64,
    AUTHOR       = "Hill, R. ",
    TITLE        = "Theory of mechanical properties of fibre-strengthened
                    materials: {I}.  {E}lastic behavior",
    JOURNAL      = "J.  Mech.  Phys.  Solids",
    YEAR         = "1964",
    VOLUME       = "12",
    PAGES        = "199--212",
    }
%
@ARTICLE{Hill72,
    AUTHOR       = "Hill, R.",
    TITLE        = "On constitutive macro-variables for heterogeneous solids 
                    at finite strain",
    JOURNAL      = "Proc. Royal Soc. Lond. A",
    YEAR         = "1972",
    VOLUME       = "326",
    PAGES        = "131--147",
    }
%
@ARTICLE{Hill75,
    AUTHOR       = "Hill, R. and Hutchinson, J. W.",
    TITLE        = "Bifurcation phenomena in the plane tension test",
    JOURNAL      = "J.  Mech.  Phys.  Solids",
    YEAR         = "1975",
    VOLUME       = "23",
    PAGES        = "239--264",
    }
%
@ARTICLE{Hill84,
    AUTHOR       = "Hill, R.",
    TITLE        = "On macroscopic effects of heterogeneity in elastoplastic
                    media at finite strain",
    JOURNAL      = "Math. Proc. Camb. Phil. Soc",
    YEAR         = "1984",
    VOLUME       = "95",
    PAGES        = "481--495",
    }
%
@ARTICLE{Hobart65,
    AUTHOR       = "Hobart, R.",
    TITLE        = "Peierls stress dependence on dislocation width",
    JOURNAL      = "J. Appl. Phys.",
    YEAR         = "1965",
    VOLUME       = "36",
    NUMBER       = "4",
    PAGES        = "1944--1948",
    }
%
@BOOK{Hockney88,
    AUTHOR       = "Hockney, R. W.",
    TITLE        = "Computer simulations using particles",
    ADDRESS      = "Bristol",
    PUBLISHER    = "IOP Publishing",
    YEAR         = "1988",
    PAGES        = "120--165",
    }
%
@ARTICLE{Hodowany00,
    AUTHOR       = "Hodowany, J. and Ravichandran, G. and Rosakis, A. J. and
                    Rosakis, P.",
    TITLE        = "Partition of plastic work into heat and stored energy
                    in metals",
    JOURNAL      = "Experimental Mechanics",
    YEAR         = "2000",
    VOLUME       = "40",
    NUMBER       = "2",
    PAGES        = "113--123",
    }
%
@ARTICLE{Hoff81,
    AUTHOR       = "Hoffman, D. M.  and Caley, L. E. ",
    TITLE        = "Dynamic mechanical and molecular weight measurements on 
                    polymer bonded explosives from thermally accelerated 
                    aging tests {I}.  {F}luoropolymer binders",
    JOURNAL      = "Organic Coatings and Plastics Chemistry",
    YEAR         = "1981",
    VOLUME       = "44",
    PAGES        = "680--685",
    }
%
@ARTICLE{Holliday64,
    AUTHOR       = "Holliday, L.  and Thackray, G. ", 
    YEAR         = "1964",
    TITLE        = "Heterogeneity in complex materials and the concept of the 
                    representative cell",
    JOURNAL      = "Nature",
    VOLUME       = "201",
    PAGES        = "270--272",
    }
%
@ARTICLE{Holzapfel91,
    AUTHOR       = "Holzapfel, W. B.",
    YEAR         = "1991",
    TITLE        = "Equation of state for ideal and real solids under strong 
                    compression",
    JOURNAL      = "Europhysics Letters",
    VOLUME       = "16",
    PAGES        = "67--72",
    }
%
@ARTICLE{Holzapfel91a,
    AUTHOR       = "Holzapfel, W. B.",
    YEAR         = "1991",
    TITLE        = "Equation of state for solids under strong compression",
    JOURNAL      = "High Pressure Research",
    VOLUME       = "7",
    PAGES        = "290--293",
    }
%
@ARTICLE{Hoge66,
    AUTHOR       = "Hoge, K. G. ",
    TITLE        = "Influence of strain rate on mechanical properties of 
                    6061-{T}6 aluminum under uniaxial and biaxial states of 
                    stress",       
    JOURNAL      = "Experimental Mechanics",    
    YEAR         = "1966",  
    VOLUME       = "6",    
    PAGES        = "204--211", 
    }
%
@ARTICLE{Hoge77,
    AUTHOR       = "Hoge, K. G. and Mukherjee, A. K.",
    YEAR         = "1977",
    TITLE        = "The temperature and strain rate dependence of the flow
                    stress of tantalum",
    JOURNAL      = "J. Mater. Sci.",
    VOLUME       = "12",
    PAGES        = "1666--1672",
    }
%
@ARTICLE{House95,
    AUTHOR       = "House, J. W. and Lewis, J. C. and Gillis, P. P. and
                    Wilson, L. L.",
    YEAR         = "1995",
    TITLE        = "Estimation of the flow stress under high rate plastic 
                    deformation",
    JOURNAL      = "Int. J. Impact Engng.",
    VOLUME       = "16",
    NUMBER       = "2",
    PAGES        = "189--200",
    }
%
@ARTICLE{Hrist99,
    AUTHOR       = "Hristopulos, D. T.  and Christakos, G. ",
    YEAR         = "1999",
    TITLE        = "Renormalization group analysis of permeability upscaling",
    JOURNAL      = "Environmental Research and Risk Assessment",
    VOLUME       = "13",
    PAGES        = "131--160",
    }
%
@ARTICLE{Hubner99,
    AUTHOR       = "Hubner, C.  and Geissler, E.  and Elsner, P.  and Eyerer, P. ", 
    YEAR         = "1999",
    TITLE        = "The importance of micromechanical phenomena in energetic 
                    materials",
    JOURNAL      = "Propellants, Explosives, Pyrotechnics",
    VOLUME       = "24",
    PAGES        = "119--125",
    }
%
@ARTICLE{Hughes80,
    AUTHOR       = "Hughes, T. J. R. ",
    TITLE        = "Generalization of selective integration procedures to 
                    anisotropic and nonlinear media",
    JOURNAL      = "Int.  J.  Numer.  Methods Eng. ",
    YEAR         = "1980",
    VOLUME       = "15",
    PAGES        = "1413--1418",
    }
%
@ARTICLE{Huyse01,
    AUTHOR       = "Huyse, L.  and Maes, M. A. ", 
    YEAR         = "2001",
    TITLE        = "Random filed modeling of elastic properties using 
                    homogenization",
    JOURNAL      = "J.  Engg.  Mech. ",
    VOLUME       = "127",
    NUMBER       = "1",
    PAGES        = "27--36",
    }
%
@ARTICLE{Ibra01,
    AUTHOR       = "Ibrahimbegovic, A. and Brank, B. and Courtois, P.",
    YEAR         = "2001",
    TITLE        = "Stress resultant geometrically exact form of classical
                    shell model and vector-like parameterization of 
                    constrained finite rotations",
    JOURNAL      = "Int. J. Numer. Meth. Engng.",
    VOLUME       = "52",
    PAGES        = "1235--1252",
    }
%
@ARTICLE{Jaekel97,
    AUTHOR       = "Jaekel, U.  and Vereecken, H. ",
    YEAR         = "1997",
    TITLE        = "Renormalization group analysis of macrodispersion
                    in a directed random flow",
    JOURNAL      = "Water Resources Research",
    VOLUME       = "33",
    NUMBER       = "10",
    PAGES        = "2287--2299",
    }
%
@ARTICLE{Jansen84,
    AUTHOR       = "Jansen, H. J. F. and Hathaway, K. B. and Freeman, A. J.",
    YEAR         = "1984",
    TITLE        = "Structural properties of ferromagnetic bcc iron: {A} failure
                    of the local-spin-density approximation",
    JOURNAL      = "Phys. Rev. B",
    VOLUME       = "30",
    NUMBER       = "10",
    PAGES        = "6177--6179",
    NOTE         = "Lattice constant for bcc iron",
    }
%
@ARTICLE{Jia98,
    AUTHOR       = "Jia, S.  and Povirk, G. L. ", 
    YEAR         = "1998",
    TITLE        = "Modelling the effects of reinforcement distribution on the 
                    elastic properties of composite materials",
    JOURNAL      = "Modelling Simul.  Mater.  Sci.  Eng. ",
    VOLUME       = "6",
    PAGES        = "587--602",
    }
%
@ARTICLE{Jia04,
    AUTHOR       = "Jia, D.  and Ramesh, K. T. ", 
    YEAR         = "2004",
    TITLE        = "A rigorous assessment of the benefits of  
                    miniaturization in the {K}olsky bar system",
    JOURNAL      = "Expt. Mechanics ",
    VOLUME       = "44",
    NUMBER       = "5",
    PAGES        = "445--454",
    }
%
@INPROCEEDINGS{Johnson83,
    AUTHOR       = "Johnson, G. R. and Cook, W. H.",
    TITLE        = "A constitutive model and data for metals subjected to
                    large strains, high strain rates and high temperatures",
    BOOKTITLE    = "Proc. 7th International Symposium on Ballistics",
    YEAR         = "1983",
    PAGES        = "541--547",
    }
%
@ARTICLE{Johnson85,
    AUTHOR       = "Johnson, G. R.  and Cook, W. H.",
    TITLE        = "Fracture characteristics of three metals subjected to
                    various strains, strain rates, temperatures and
                    pressures",
    JOURNAL      = "Int. J. Eng. Fract. Mech.",
    YEAR         = "1985",
    VOLUME       = "21",
    PAGES        = "31--48",
    }
%
@ARTICLE{Johnson88,
    AUTHOR       = "Johnson, J. N.  and Addessio, F. L.",
    TITLE        = "Tensile plasticity and ductile fracture",
    JOURNAL      = "J. Appl. Phys.",
    YEAR         = "1988",
    VOLUME       = "64",
    NUMBER       = "12",
    PAGES        = "6699--6712",
    }
%
@ARTICLE{Johnson88a,
    AUTHOR       = "Johnson, G. R. and Holmquist, T. J.",
    TITLE        = "Evaluation of cylinder-impact test data for constitutive
                    models",
    JOURNAL      = "J. Appl. Phys.",
    YEAR         = "1988",
    VOLUME       = "64",
    NUMBER       = "8",
    PAGES        = "3901--3910",
    }
%
@INPROCEEDINGS{Johnson01,
    AUTHOR       = "Johnson, G. R.  and Stryk, R. A.  and Beissel, S. R.  and
                    Holmquist, T. J. ",
    TITLE        = "Conversion of finite elements into meshless particles
                    for penetration computations involving ceramic targets",
    BOOKTITLE    = "Proc. , 12th APS Topical Conference on Shock Compression of 
                    Condensed Matter", 
    YEAR         = "2001",
    ORGANIZATION = "American Physical Society",
    PAGES        = "1287--1290",
    }
%
@ARTICLE{Johnson02,
    AUTHOR       = "Johnson, G. R. and Beissel, S. R. and Stryk, R. A.",
    TITLE        = "An improved generalized particle algorithm that includes
                    boundaries and interfaces",
    JOURNAL      = "Int. J. Num. Meth. Engrg.",
    YEAR         = "2002",
    VOLUME       = "53",
    PAGES        = "875--904",
    }
%
@ARTICLE{Jones87,
    AUTHOR       = "Jones, S. E.  and Gillis, P. P.", 
    YEAR         = "1987",
    TITLE        = "On the equation of motion of the undeformed section of 
                    a {T}aylor impact specimen",
    JOURNAL      = "J. Appl. Phys.",
    VOLUME       = "61",
    NUMBER       = "2",
    PAGES        = "499--502",
    }
%
@MASTERSTHESIS{Jonsson00,
    AUTHOR       = "Jonsson, A. ", 
    YEAR         = "2000",
    TITLE        = "On the Development of Stable Numerical Algorithms for 
                    Solid Mechanics",
    NOTE         = "Licentiate Thesis No.  73", 
    SCHOOL       = "Department of Solid Mechanics, Royal Institute of 
                    Technology, Sweden", 
    }
%
@ARTICLE{JunJas93,
    AUTHOR       = "Jun, S.  and Jasiuk, I. ", 
    YEAR         = "1993",
    TITLE        = "Elastic moduli of two-dimensional composites with sliding 
                    inclusions - a comparison of effective medium theories",
    JOURNAL      = "Int.  J.  Solids Struct. ",
    VOLUME       = "30",
    NUMBER       = "18",
    PAGES        = "2501--2523",
    }
%
@ARTICLE{Kadanoff66,
    AUTHOR       = "Kadanoff, L. P. ",
    YEAR         = "1966",
    TITLE        = "",
    JOURNAL      = "Physics",
    VOLUME       = "2",
    PAGES        = "263",
    }
%
@ARTICLE{Kamin00,
    AUTHOR       = "Kami\'{n}ski, M.  and Kleiber, M. ", 
    YEAR         = "2000",
    TITLE        = "Perturbation based stochastic finite element method for 
                    homogenization of two-phase elastic composites",
    JOURNAL      = "Computers and Structures",
    VOLUME       = "78",
    PAGES        = "811--826",
    }
%
@ARTICLE{Kanel01,
    AUTHOR       = "Kanel, G. I. and Razorenov, S. V. and Baumung, K. and
                    Singer, J.",
    YEAR         = "2001",
    TITLE        = "Dynamic yield and tensile strength of aluminum single
                    crystals at temperatures up to the melting point",
    JOURNAL      = "J. Appl. Phys.",
    VOLUME       = "90",
    NUMBER       = "1",
    PAGES        = "136--143",
    }
%
@ARTICLE{Kashiwa97,
    AUTHOR       = "Kashiwa, B. A.  and Lewis, M. W",
    TITLE        = "Fluid-structure interaction modeling",
    JOURNAL      = "LA-13255-PR",
    YEAR         = "1997",
    VOLUME       = "1",
    PAGES        = "283--295",
    }
%
@MANUAL{Kashiwa02,
    AUTHOR       = "Kashiwa, B. A.  and Lewis, M. W",
    YEAR         = "2002",
    TITLE        = "CFDLIB version 02. 1",
    ORGANIZATION = "Los Alamos National Laboratories",
    ADDRESS      = "Los Alamos, New Mexico",
    }
%
@ARTICLE{Katz59,
    AUTHOR       = "Katz, S. and Doran, D. G. and Curran, D. R.",
    TITLE        = "Hugoniot equation of state of aluminum and steel from
                    oblique shock measurements",
    JOURNAL      = "J. Appl. Phys.",
    YEAR         = "1959",
    VOLUME       = "30",
    NUMBER       = "4",
    PAGES        = "568--576",
    }
%
@ARTICLE{Key69,
    AUTHOR       = "Key, S. W. ",
    TITLE        = "A variational principle for incompressible and 
                    nearly-incompressible anisotropic elasticity",
    JOURNAL      = "Int.  J.  Solids Struct. ",
    YEAR         = "1969",
    VOLUME       = "5",
    PAGES        = "951--964",
    }
%
@ARTICLE{King89,
    AUTHOR       = "King, P. R. ",
    YEAR         = "1989",
    TITLE        = "The use of renormalization for calculating effective
                    permeability",
    JOURNAL      = "Transport in Porous Media",
    VOLUME       = "4",
    PAGES        = "37--58",
    }
%
@ARTICLE{Kirkwood49,
    AUTHOR       = "Kirkwood, J. G. and Buff, F. P. and Green, M. S.",
    YEAR         = "1949",
    TITLE        = "The statistical mechanical theory of transport processes:
                    {III}. {T} coefficients of shear and bulk viscosity of
                    liquids",
    JOURNAL      = "The J. Chem. Phys.",
    VOLUME       = "17",
    NUMBER       = "19",
    PAGES        = "988--994",
    }
%
@INCOLLECTION{Kocks75,
    AUTHOR       = "Kocks, U. F. and Argon, A. S. and Ashby, M. F.",
    YEAR         = "1975",
    TITLE        = "Thermodynamics and Kinetics of Slip",
    BOOKTITLE    = "Progress in Materials Science: Volume 19",
    EDITOR       = "Chalmers, B. and Christian, J. W. and Massalski, T. B.",
    ADDRESS      = "Oxford",
    PUBLISHER    = "Pergamon Press",
    PAGES        = "1--289",
    }
%
@ARTICLE{Kocks01,
    AUTHOR       = "Kocks, U. F. ",
    YEAR         = "2001",
    TITLE        = "Realistic constitutive relations for metal plasticity",
    JOURNAL      = "Materials Science and Engrg.",
    VOLUME       = "A317",
    PAGES        = "181--187",
    }
%
@ARTICLE{Krysl96,
    AUTHOR       = "Krysl, P. and Belytschko, T.",
    YEAR         = "1996",
    TITLE        = "Analysis of thin shells by the element-free {G}alerkin 
                    method",
    JOURNAL      = "Int. J. Solids Struct.",
    VOLUME       = "33",
    NUMBER       = "20-22",
    PAGES        = "3057--3080",
    }
%
@ARTICLE{Kumar69,
    AUTHOR       = "Kumar, A. and Kumble, R. G.",
    YEAR         = "1969",
    TITLE        = "Viscous drag on dislocations at high strain rates in
                    copper",
    JOURNAL      = "J. Appl. Phys.",
    VOLUME       = "40",
    NUMBER       = "9",
    PAGES        = "3475--3480",
    }
%
@ARTICLE{Kush98,
    AUTHOR       = "Kushnevsky, V.  and Morachkovsky, O.  and Altenbach, H. ", 
    YEAR         = "1998",
    TITLE        = "Identification of effective properties of particle 
                    reinforced composite materials",
    JOURNAL      = "Computational Mechanics",
    VOLUME       = "22",
    PAGES        = "317--325",
    }
%
@ARTICLE{Kwan99,
    AUTHOR       = "Kwan, A. K. H.  and Wang, Z. M.  and Chan, H. C. ", 
    YEAR         = "1999",
    TITLE        = "Mesoscopic study of concrete {II}: nonlinear finite element 
                    analysis",
    JOURNAL      = "Computers and Structures",
    VOLUME       = "70",
    PAGES        = "545--556",
    }
%
@BOOK{LAHugoniot79,
    AUTHOR       = "Marsh, S. P.",
    TITLE        = "LASL Shock Hugoniot Data: Los Alamos series on dynamic 
                    material properties",
    ADDRESS      = "Berkeley, CA",
    PUBLISHER    = "University of California",
    YEAR         = "1980",
    }
%
@ARTICLE{Larson61,
    AUTHOR       = "Larson, F. R. and Nunes, J.",
    TITLE        = "Low temperature flow and fracture tension properties of 
                    heat treated {SAE} 4340 steel",
    JOURNAL      = "Trans. ASM",
    YEAR         = "1961",
    VOLUME       = "53",
    PAGES        = "663--682",
    }
%
@ARTICLE{Lee97,
    AUTHOR       = "Lee, W-S. and Yeh, G-W.",
    TITLE        = "The plastic deformation behavior of {AISI} 4340 alloy 
                    steel subjected to high temperature and high strain rate
                    loading conditions",
    JOURNAL      = "J. Mater. Proc. Tech.",
    YEAR         = "1997",
    VOLUME       = "71",
    PAGES        = "224--234",
    }
%
@ARTICLE{Leiber00,
    AUTHOR       = "Leiber, A. B",
    TITLE        = "Aspects of the mesoscale of crystalline explosives",  
    JOURNAL      = "Propellants, Explosives, Pyrotechnics",
    YEAR         = "2000",
    VOLUME       = "25",
    PAGES        = "288--301",
    }
%
@ARTICLE{Lederman74,
    AUTHOR       = "Lederman, F. L. and Salamon, M. B. and Shacklette, L. W.",
    TITLE        = "Experimental verification of scaling and test of the 
                    universality hypothesis from specific heat data",
    JOURNAL      = "Phys. Rev. B",
    YEAR         = "1974",
    VOLUME       = "9",
    NUMBER       = "7",
    PAGES        = "2981--2988",
    }
%
@ARTICLE{Lee00,
    AUTHOR       = "Lee, W. S.  and Shyu, J.C.  and Chiou, S. T. ",
    TITLE        = "Effect of strain rate on impact response and dislocation 
                    substructure of 6061-{T}6 aluminum alloy",  
    JOURNAL      = "Scripta Materialia",
    YEAR         = "2000",
    VOLUME       = "42",
    PAGES        = "51--56",
    }
%
@BOOK{Lekh63,
    AUTHOR       = "Lekhnitskii, S. G. ", 
    YEAR         = "1963",
    TITLE        = "Theory of Elasticity of an Anisotropic Elastic Body",
    PUBLISHER    = "Holden-Day Inc. ", 
    NOTE         = "p.  28",
    }
%
@TECHREPORT{Lesuer01,
    AUTHOR       = "Lesuer, D. R. and Kay, G. J. and LeBlanc, M. M.",
    YEAR         = "2001",
    TITLE        = "Modeling large-strain, high-rate deformation in metals",
    NUMBER       = "UCRL-JC-134118",
    INSTITUTION  = "Lawrence Livermore National Laboratory", 
    ADDRESS      = "Livermore, CA",
    NOTE         = "Johnson-Cook plasticity model for 6061T6 Aluminum",
    }
%
@INPROCEEDINGS{Lewis98,
    AUTHOR       = "Lewis, M. W.  and Kashiwa, B. A.  and Rauenzahn, R. M. ", 
    TITLE        = "Hydrodynamic ram modeling with the immersed boundary
                    method",
    BOOKTITLE    = "Proc. , ASME Pressure Vessels and Piping Conference", 
    YEAR         = "1998",
    ORGANIZATION = "American Society of Mechanical Engineers",
    ADDRESS      = "San Diego, California",
    }
%
@ARTICLE{LiShaofan00,
    AUTHOR       = "Li, S.  and Hao, W.  and Liu, W. K. ",
    TITLE        = "Numerical simulations of large deformation of thin shell 
                    structures using meshfree methods",
    JOURNAL      = "Computational Mechanics",
    YEAR         = "2000",
    VOLUME       = "25",
    NUMBER       = "2-3",
    PAGES        = "102--116",
    }
%
@BOOK{Libai98,
    AUTHOR       = "Libai, A.  and Simmonds, J.  G. ",
    TITLE        = "The Nonlinear Theory of Elastic Shells: 2nd Edition",
    ADDRESS      = "Cambridge, UK",
    PUBLISHER    = "Cambridge University Press",
    YEAR         = "1998",
    }
%
@INCOLLECTION{Lissen96,
    AUTHOR       = "Lissenden, C. J. ", 
    YEAR         = "1996",
    TITLE        = "An approximate representation of fiber-matrix debonding 
                    in nonperiodic metal matrix composites",
    BOOKTITLE    = "Damage and Interfacial Debonding in Composites",
    EDITOR       = "Voyiadjis, G.  Z.  and Allen, D.  H. ",
    PUBLISHER    = "Elsevier Science Publishers",
    ADDRESS      = "Amsterdam",
    PAGES        = "189--211",
    }
%
@ARTICLE{Long02,
    AUTHOR       = "Long, G. T.  and Wight, C. A. ", 
    YEAR         = "2002",
    TITLE        = "Thermal decomposition of a melt-castable high explosive: 
                    isoconversional analysis of {TNAZ}",
    JOURNAL      = "J.  Phys.  Chem.  B",
    VOLUME       = "106",
    PAGES        = "2791--2795",
    }
%
@ARTICLE{Low94,
    AUTHOR       = "Low, B. Y.  and Gardner, S. D.  and Pittman, C. U. ", 
    YEAR         = "1994",
    TITLE        = "A micromechanical characterization of graphite-fiber/epoxy 
                    composites containing a heterogeneous interphase region",
    JOURNAL      = "Composites Sci.  Tech. ",
    VOLUME       = "52",
    PAGES        = "589--606",
    }
%
@ARTICLE{Lu01,
    AUTHOR       = "Lu, G. and Wang, B. and Zhang, T.",
    YEAR         = "2001",
    TITLE        = "Taylor impact test for ductile materials-{P}art 1: theory",
    JOURNAL      = "Int. J. Impact Engrg.",
    VOLUME       = "25",
    PAGES        = "981--991",
    }
%
@ARTICLE{Lubliner86,
    AUTHOR       = "Lubliner, J.",
    YEAR         = "1986",
    TITLE        = "Normality rules in large-deformation plasticity",
    JOURNAL      = "Mechanics of Materials",
    VOLUME       = "5",
    PAGES        = "29--34",
    }
%
@ARTICLE{Lukka95,
    AUTHOR       = "Lukkassen, D.  and Persson, L. -E.  and Wall, P. ", 
    YEAR         = "1995",
    TITLE        = "Some engineering and mathematical aspects of the 
                    homogenization method",
    JOURNAL      = "Composites Engg. ",
    VOLUME       = "5",
    NUMBER       = "5",
    PAGES        = "519--331",
    }
%
@BOOK{Lurie90,
    AUTHOR       = "Lurie, A. I. ",
    TITLE        = "Nonlinear Theory of Elasticity",
    ADDRESS      = "Amsterdam",
    PUBLISHER    = "North-Holland",
    YEAR         = "1990",
    }
%
@ARTICLE{Lush89,
    AUTHOR       = "Lush, A. M. and Weber, G. and Anand, L.",
    YEAR         = "1989",
    TITLE        = "An implicit time-integration procedure for a set of 
                    internal variable constitutive equations for isotropic
                    elasto-viscoplasticity",
    JOURNAL      = "Int. J. Plasticity",
    VOLUME       = "5",
    PAGES        = "521--549",
    }
%
@ARTICLE{MacDonald81,
    AUTHOR       = "MacDonald, R. A. and MacDonald, W. M.",
    YEAR         = "1981",
    TITLE        = "Thermodynamic properties of fcc metals at high 
                    temperatures",
    JOURNAL      = "Physical Review B",
    VOLUME       = "24",
    NUMBER       = "4",
    PAGES        = "1715--1724",
    }
%
@ARTICLE{Mahler01,
    AUTHOR       = "Mahler, L. and Ekh, M. and Runesson, K.",
    YEAR         = "2001",
    TITLE        = "A class of thermo-hyperelastic-viscoplastic models
                    for porous materials: theory and numerics",
    JOURNAL      = "Int. J. Plasticity",
    VOLUME       = "17",
    PAGES        = "943--969",
    }
%
@ARTICLE{Maker90,
    AUTHOR       = "Maker, B. N.  and Ferencz, R. M.  and Hallquist J. O. ",
    TITLE        = "NIKE3D:  A nonlinear, implicit, three-dimensional finite 
                    element code for solid and structural mechanics",
    JOURNAL      = "Lawrence Livermore National Laboratory Technical Report",
    YEAR         = "1990",
    NUMBER       = "UCRL-MA-105268",
    }
%
@ARTICLE{MacNeal85,
    AUTHOR       = "MacNeal, R. H.  and Harder, R. L. ",
    TITLE        = "A proposed standard set of problems to test finite element
                    accuracy",
    JOURNAL      = "Finite Elements in Analysis and Design",
    YEAR         = "1985",
    VOLUME       = "11",
    PAGES        = "3--20",
    }
%
@ARTICLE{Malkus80,
    AUTHOR       = "Malkus, D. S. ",
    TITLE        = "Finite elements with penalties in nonlinear elasticity",
    JOURNAL      = "Int.  J.  Numer.  Methods Eng. ",
    YEAR         = "1980",
    VOLUME       = "16",
    PAGES        = "121--136",
    }
%
@ARTICLE{Malkus78,
    AUTHOR       = "Malkus, D. S.  and Hughes, T. J. R. ",
    TITLE        = "Mixed finite element methods - reduced and selective 
                    integration techniques:  A unification of concepts",
    JOURNAL      = "Comp.  Meth.  Appl.  Mech.  Eng. ",
    YEAR         = "1978",
    VOLUME       = "15",
    PAGES        = "63--81",
    }
%
@INCOLLECTION{Markov00,
    AUTHOR       = "Markov, K. Z. ",
    TITLE        = "Elementary micromechanics of heterogeneous media",
    EDITOR       = "K. Z.  Markov and L.  Preziosi",
    BOOKTITLE    = "Heterogeneous Media : Micromechanics Modeling Methods 
                    and Simulations",
    PUBLISHER    = "Birkhauser",
    ADDRESS      = "Boston",
    YEAR         = "2000",
    PAGES        = "1--162",
    }
%
@ARTICLE{Marqu63,
    AUTHOR       = "Marquart, D. ",
    TITLE        = "An algorithm for least-squares estimation of nonlinear 
                    parameters",
    JOURNAL      = "SIAM Journal of Applied Mathematics",
    YEAR         = "1963",
    VOLUME       = "11",
    PAGES        = "431--441",
    }
%
@BOOK{Marsden93,
    AUTHOR       = "Marsden, J. E.  and Hughes, T. J. R. ",
    TITLE        = "The Mathematical Foundations of Elasticity",
    ADDRESS      = "New York",
    PUBLISHER    = "Dover Publications, Inc. ",
    YEAR         = "1993",
    }
%
@INPROCEEDINGS{Mas03,
    AUTHOR       = "Mas, E.  and Clements, B.  and Schlei, B. ",
    TITLE        = "Applying image analysis information into models and 
                    simulations of the mechanical response of {PBX} 9501",
    BOOKTITLE    = "Proc. , 13th APS Topical Conference on Shock Compression of 
                    Condensed Matter", 
    YEAR         = "2003",
    ORGANIZATION = "American Physical Society",
    ADDRESS      = "Portland, Oregon",
    PAGES        = "",
    }
%
@INPROCEEDINGS{Massoni98,
    AUTHOR       = "Massoni, J.  and Saurel, R.  and Demol, G.  and Baudin, G. ", 
    YEAR         = "1998", 
    TITLE        = "A micromechanic model for shock to detonation transition 
                    of solid explosives", 
    BOOKTITLE    = "Proc.  11th International Detonation Symposium",
    ADDRESS      = "Snowmass, Colorado",
    PAGES        = "735--744",
    }
%
@ARTICLE{Matthies79,
    AUTHOR       = "Matthies, H.  and Strang, G. ",
    TITLE        = "The solution of nonlinear finite element equations",
    JOURNAL      = "Int.  J.  Numer.  Methods Eng. ",
    YEAR         = "1979",
    VOLUME       = "14",
    PAGES        = "1613--1626",
    }
%
@ARTICLE{Maudlin96,
    AUTHOR       = "Maudlin, P. J. and Schiferl, S. K.",
    TITLE        = "Computational anisotropic plasticity for high-rate 
                    forming applications",
    JOURNAL      = "Comput. Methods Appl. Mech. Engrg.",
    YEAR         = "1996",
    VOLUME       = "131",
    PAGES        = "1--30",
    }
%
@ARTICLE{Maudlin99,
    AUTHOR       = "Maudlin, P. J. and Bingert, J. F. and House, J. W.
                    and Chen, S. R.",
    TITLE        = "On the modeling of the {T}aylor cylinder impact test
                    for orthotropic textured materials: experiments and
                    simulations",
    JOURNAL      = "Int. J. Plasticity",
    YEAR         = "1999",
    VOLUME       = "15",
    PAGES        = "139--166",
    }
%
@BOOK{Maugin99,
    AUTHOR       = "Maugin, G. A.",
    TITLE        = "The Thermomechanics of Nonlinear Irreversible Behaviors:
                    An Introduction",
    PUBLISHER    = "World Scientific",
    ADDRESS      = "Singapore",
    YEAR         = "1999",
    }
%
@INPROCEEDINGS{McAfee98,
    AUTHOR       = "McAfee, J. M.  and Skidmore, C. B.  and Cunningham, G. S.  
                    and Nelson, H. A. ",
    TITLE        = "Explosive morphology from fractal analysis of micrographs",
    BOOKTITLE    = "Proc. , 11th International Detonation Symposium", 
    YEAR         = "1998",
    ADDRESS      = "Snowmass, Colorado",
    PAGES        = "391--398",
    }
%
@INCOLLECTION{McCoy70,
    AUTHOR       = "McCoy, J. J. ", 
    YEAR         = "1970",
    TITLE        = "On the displacement field in an elastic medium with random 
                    variations of material properties", 
    BOOKTITLE    = "Recent Advances in Engineering Sciences 5",
    PUBLISHER    = "Gordon and Breach", 
    ADDRESS      = "New York",
    PAGES        = "235--254", 
    }
%
@ARTICLE{MacLeod96,
    AUTHOR       = "MacLeod, A.",
    YEAR         = "1996",
    TITLE        = "Algorithm 757, {MISCFUN}: {A} software package to compute
                    uncommon special functions",
    JOURNAL      = "ACM Transactions on Mathematical Software",
    VOLUME       = "22",
    NUMBER       = "3",
    PAGES        = "288--301",
    }
%
@INCOLLECTION{McQueen70,
    AUTHOR       = "McQueen, R. G. and Marsh, S. P. and Taylor, J. W. and
                    Fritz, J. N. and Carter, W. J.",
    YEAR         = "1970",
    TITLE        = "The equation of state of solids from shock wave studies",
    BOOKTITLE    = "High Velocity Impact Phenomena",
    EDITOR       = "R. Kinslow",
    PUBLISHER    = "Academic Press",
    ADDRESS      = "New York",
    PAGES        = "294--417",
    }
%
@INCOLLECTION{Meyer92,
    AUTHOR       = "Meyer, L. W. ",
    YEAR         = "1992",
    TITLE        = "Constitutive equations a high strain rates",
    BOOKTITLE    = "Shock-Wave and High-Strain-Rate Phenomena in Materials",
    PUBLISHER    = "Marcel Dekker Inc. ",
    EDITOR       = "Meyers, M. A.  and Murr, L. E.  and Staudhammer, K. P. ",
    CHAPTER      = "4",
    ADDRESS      = "New York",
    PAGES        = "49--68",
    }
%
@ARTICLE{Michel00,
    AUTHOR       = "Michel, J. C.  and Moulinec, H.  and Suquet, P. ", 
    YEAR         = "2000",
    TITLE        = "A computational method based on augmented {L}agrangians and 
                    fast {F}ourier transforms for composites with high 
                    contrast",
    JOURNAL      = "Computer Meth.  Engg.  Sci. ",
    VOLUME       = "1",
    NUMBER       = "2",
    PAGES        = "79--88",
    }
%
@ARTICLE{Michel01,
    AUTHOR       = "Michel, J. C.  and Moulinec, H.  and Suquet, P. ",
    TITLE        = "A computational scheme for linear and non-linear 
                    composites with arbitrary phase contrast",
    JOURNAL      = "Int.  J.  Numer.  Meth.  Engng. ",
    YEAR         = "2001",
    VOLUME       = "52",
    PAGES        = "139--160",
    }
%
@ARTICLE{Miehe98,
    AUTHOR       = "Miehe, C. ",
    TITLE        = "A formulation of finite elastoplasticity based on dual
                    co- and contra-variant eigenvector triads normalized 
                    with respect to a plastic metric",
    JOURNAL      = "Comput.  Methods Appl.  Mech.  Engrg. ",
    YEAR         = "1998",
    VOLUME       = "159",
    PAGES        = "223--260",
    }
%
@ARTICLE{Miller02,
    AUTHOR       = "Miller, R. E. and Tadmor, E. B.",
    TITLE        = "The quasicontinuum method: overview, applications and
                    current directions",
    JOURNAL      = "J. Computer-Aided Materials Design",
    YEAR         = "2002",
    VOLUME       = "9",
    PAGES        = "203--239",
    }
%
@ARTICLE{Millet97,
    AUTHOR       = "Millet, J. C. F. and Bourne, N. K. and Rosenberg, Z.",
    TITLE        = "Shear stress measurements in copper, iron, and mild
                    steel under shock loading conditions",
    JOURNAL      = "J. Appl. Phys.",
    YEAR         = "1997",
    VOLUME       = "81",
    NUMBER       = "6",
    PAGES        = "2579--2583",
    }
%
@ARTICLE{Milton81,
    AUTHOR       = "Milton, G. W. ",
    TITLE        = "Bounds on the electromagnetic, elastic and other 
                    properties of two-component composites",
    JOURNAL      = "Phys.  Rev.  Lett. ",
    YEAR         = "1981",
    VOLUME       = "46",
    NUMBER       = "8",
    PAGES        = "542--545",
    }
%
@INCOLLECTION{Milton97,
    AUTHOR       = "Milton, G. W. ", 
    YEAR         = "1997",
    TITLE        = "Composites : a myriad of microstructure independent 
                    relations", 
    BOOKTITLE    = "Theoretical and Applied Mechanics (Proc.  XIX International 
                    Congress of Theoretical and Applied Mechanics, Kyoto, 
                    1996)", 
    EDITOR       = "Tatsumi, T.  and Watanabe, E.  and Kambe, T. ",
    PUBLISHER    = "Elsevier", 
    ADDRESS      = "Amsterdam",
    PAGES        = "443--459",
    }
%
@BOOK{Milton02,
    AUTHOR       = "Milton, G. W. ",
    TITLE        = "Theory of Composites",
    PUBLISHER    = "Cambridge University Press",
    ADDRESS      = "New York",
    YEAR         = "2002",
    }
%
@ARTICLE{Milton07a,
    AUTHOR       = "Milton, G. W.",
    YEAR         = "2007",
    TITLE        = "New metamaterials with macroscopic behavior outside that of
                    continuum elastodynamics",
    JOURNAL      = "New Journal of Physics",
    VOLUME       = "9",
    PAGES        = "359",
    }
%
@ARTICLE{Mish99,
    AUTHOR       = "Mishnaevsky, L.  and Dong, M.  and Honle, S.  and 
                    Schmauder, S. ", 
    YEAR         = "1999",
    TITLE        = "Computational mesomechanics of particle-reinforced 
                    composites",
    JOURNAL      = "Computational Materials Science",
    VOLUME       = "16",
    PAGES        = "133--143",
    }
%
@ARTICLE{Mish99_1,
    AUTHOR       = "Mishnaevsky, L. L.  and Schmauder, S. ", 
    YEAR         = "1999",
    TITLE        = "Advanced finite element techniques of analysis of the 
                    microstructure-mechanical properties relationships in 
                    heterogeneous materials : a review",
    JOURNAL      = "Physical Mesomechanics",
    VOLUME       = "2",
    NUMBER       = "3",
    PAGES        = "5--20",
    }
%
@ARTICLE{Mish01,
    AUTHOR       = "Mishnaevsky, L. L.   and Schmauder, S. ",
    TITLE        = "Continuum mesomechanical finite element modeling in 
                    materials development: {A} state-of-the-art review",
    JOURNAL      = "Appl.  Mech.  Rev. ",
    YEAR         = "2001",
    VOLUME       = "54",
    NUMBER       = "1",
    PAGES        = "49--66",
    }
%
@ARTICLE{Mitchell81,
    AUTHOR       = "Mitchell, A. C. and Nellis, W. J.",
    YEAR         = "1981",
    TITLE        = "Shock compression of aluminum, copper, and tantalum",
    JOURNAL      = "J. Appl. Phys.",
    VOLUME       = "52",
    NUMBER       = "5",
    PAGES        = "3363--3374",
    }
%
@ARTICLE{Mitchell91,
    AUTHOR       = "Mitchell, A. C. and Nellis, W. J. and Moriarty, J. A. and
                    Hienle, N. C. and Holmes, R. E. and Tipton, R. E. and
                    Repp, G. W.",
    YEAR         = "1991",
    TITLE        = "Equation of state of {A}l, {C}u, {M}o, and {P}b at shock
                    pressures up to 2.4 {TP}a (24 {M}bar)",
    JOURNAL      = "J. Appl. Phys.",
    VOLUME       = "69",
    NUMBER       = "5",
    PAGES        = "2981--2986",
    }
%
@BOOK{Moelwyn61,
    AUTHOR       = "Moelwyn-Hughes, E. A.",
    TITLE        = "Physical Chemistry: 2nd Edition",
    ADDRESS      = "Oxford",
    PUBLISHER    = "Pergamon",
    YEAR         = "1961",
    }
%
@ARTICLE{Mooney40,
    AUTHOR       = "Mooney, M. ",
    TITLE        = "A theory of large elastic deformation",
    JOURNAL      = "J.  Appl.  Phys. ",
    YEAR         = "1940",
    VOLUME       = "11",
    PAGES        = "582--592",
    }
%
@ARTICLE{Moran90,
    AUTHOR       = "Moran, B. and Ortiz, M. and Shih, C. H.",
    TITLE        = "Formulation of implicit finite element methods for 
                    multiplicative finite deformation plasticity",
    JOURNAL      = "Int. J. Numer. Methods Engrg.",
    YEAR         = "1990",
    VOLUME       = "29",
    PAGES        = "483--514",
    }
%
@ARTICLE{Mouli98,
    AUTHOR       = "Moulinec, H.  and Suquet, P. ", 
    YEAR         = "1998",
    TITLE        = "A numerical method for computing the overall response of 
                    nonlinear composites with complex microstructure",
    JOURNAL      = "Comput.  Methods Appl.  Mech.  Engrg. ",
    VOLUME       = "157",
    PAGES        = "69--94",
    }
%
@ARTICLE{Nacar89,
    AUTHOR       = "Nacar, A. and Needleman, A. and Ortiz, M.",
    TITLE        = "A finite element method for analyzing localization 
                    in rate dependent solids at finite strain",
    JOURNAL      = "Comp.  Meth.  Appl.  Mech.  Eng. ",
    YEAR         = "1989",
    VOLUME       = "73",
    PAGES        = "235--258",
    }
%
@ARTICLE{Nadal03,
    AUTHOR       = "Nadal, M.-H. and Le Poac, P.",
    TITLE        = "Continuous model for the shear modulus as a function 
                    of pressure and temperature up to the melting point:
                    analysis and ultrasonic validation",
    JOURNAL      = "J. Appl. Phys.",
    YEAR         = "2003",
    VOLUME       = "93",
    NUMBER       = "5",
    PAGES        = "2472--2480",
    }
%
@INCOLLECTION{Nadgor88,
    AUTHOR       = "Nadgornyi, E.",
    YEAR         = "1988",
    TITLE        = "Dislocation Dynamics and Mechanical Properties of Crystals",
    BOOKTITLE    = "Progress in Materials Science: Volume 31",
    EDITOR       = "Christian, J. W. and Haasen, P. and Massalski, T. B.",
    ADDRESS      = "Oxford",
    PUBLISHER    = "Pergamon Press",
    PAGES        = "1--530",
    }
%
@INCOLLECTION{Naghdi63,
    AUTHOR       = "Naghdi, P. M. ",
    TITLE        = "Foundations of elastic shell theory",
    BOOKTITLE    = "Progess in Solid Mechanics - Volume IV",
    EDITOR       = "Sneddon, I. N. and Hill, R.",
    YEAR         = "1963",
    PUBLISHER    = "North-Holland",
    ADDRESS      = "Amsterdam",
    PAGES        = "1--90",
    }
%
@ARTICLE{Nagtegaal74,
    AUTHOR       = "Nagtegaal, J. C.  and Parks, D. M.  and Rice, J. R. ",
    TITLE        = "On numerically accurate finite element solutions in the 
                    fully plastic range",
    JOURNAL      = "Comp.  Meth.  Appl.  Mech.  Eng. ",
    YEAR         = "1974",
    VOLUME       = "4",
    PAGES        = "153--177",
    }
%
@ARTICLE{Nakamura93,
    AUTHOR       = "Nakamura, T.  and Suresh, S. ", 
    YEAR         = "1993",
    TITLE        = "Effects of thermal residual stresses and fiber packing 
                    on deformation of metal-matrix composites",
    JOURNAL      = "Acta Metallurgica et Materialia",
    VOLUME       = "41",
    NUMBER       = "6",
    PAGES        = "1665--1681",
    }
%
@ARTICLE{Neal76,
    AUTHOR       = "Neal, T. ", 
    YEAR         = "1976",
    TITLE        = "Dynamic determinations of the {G}runeisen coefficient in 
                    aluminum and aluminum alloys for densities up to 
                    6 Mg/m$^3$ ",
    JOURNAL      = "Phys. Rev. B",
    VOLUME       = "14",
    NUMBER       = "12",
    PAGES        = "5172--5181",
    }
%
@ARTICLE{Nemat91,
    AUTHOR       = "Nemat-Nasser, S.",
    TITLE        = "Rate-independent finite-deformation elastoplasticity:
                    a new explicit constitutive algorithm",
    JOURNAL      = "Mech. Mater.",
    YEAR         = "1991",
    VOLUME       = "11",
    PAGES        = "235--249",
    }
%
@ARTICLE{Nemat92,
    AUTHOR       = "Nemat-Nasser, S. and Chung, D. -T.",
    TITLE        = "An explicit constitutive algorithm for large-strain,
                    large-strain-rate elastic-viscoplasticity", 
    JOURNAL      = "Comput. Meth. Appl. Mech. Engrg",
    YEAR         = "1992",
    VOLUME       = "95",
    NUMBER       = "2",
    PAGES        = "205--219",
    }
%
@ARTICLE{Nemat93,
    AUTHOR       = "Nemat-Nasser, S.  and Hori, M. ", 
    YEAR         = "1993",
    TITLE        = "Micromechanics : Overall Properties of Heterogeneous 
                    Materials",
    PUBLISHER    = "North-Holland", 
    ADDRESS      = "Amsterdam",
    }
%
@ARTICLE{Nemat99,
    AUTHOR       = "Nemat-Nasser, S.",
    TITLE        = "Averaging theorems in finite deformation plasticity",
    JOURNAL      = "Mechanics of Materials",
    YEAR         = "1999",
    VOLUME       = "31",
    PAGES        = "493--523",
    }
%
@BOOK{Nemat04,
    AUTHOR       = "Nemat-Nasser, S.",
    TITLE        = "Plasticity: A Treatise on Finite Deformation of 
                    Heteogeneous Inelastic Materials",
    ADDRESS      = "Cambridge",
    PUBLISHER    = "Cambridge University Press",
    YEAR         = "2004",
    }
%
@ARTICLE{Neubert63,
    AUTHOR       = "Neubert, H. K. P. ",
    TITLE        = "A simple model representing internal damping in solid 
                    materials",
    JOURNAL      = "Aeronautical Quarterly",
    YEAR         = "1963",
    VOLUME       = "14",
    PAGES        = "187--210",
    }
%
@ARTICLE{Newmark59,
    AUTHOR       = "Newmark, N. M. ",
    TITLE        = "A method of computation for structural dynamics",
    JOURNAL      = "ASCE J.  Eng.  Mech.  Div. ",
    YEAR         = "1959",
    VOLUME       = "85",
    PAGES        = "67--94",
    }
%
@ARTICLE{Ng69,
    AUTHOR       = "Ng, E. W. and Devine, C. J. and Tooper, R. F.",
    TITLE        = "Chebyshev polynomial expansion of Bose-Einstein functions
                    of order 1 to 10",
    JOURNAL      = "Mathematics of Computation",
    YEAR         = "1969",
    VOLUME       = "23",
    NUMBER       = "107",
    PAGES        = "639--643",
    }
%
@ARTICLE{Nicholas81,
    AUTHOR       = "Nicholas, T.",
    TITLE        = "Tensile testing of materials at high rates of strain",
    JOURNAL      = "Experimental Mechanics",
    YEAR         = "1981",
    VOLUME       = "21",
    PAGES        = "117--185",
    }
%
@INPROCEEDINGS{Oberkampf02,
    AUTHOR       = "Oberkampf, W. L. and Trucano, T. G. and Hirsch, C.",
    YEAR         = "2002",
    TITLE        = "Verification, validation, and predictive capability
                    in computational engineering and physics",
    BOOKTITLE    = "Verfification and Validation for Modeling and Simulation
                    in Computational Science and Engineering Applications",
    PUBLISHER    = "Foundations for Verfification and Validation in the
                    21st Century Workshop",
    ADDRESS      = "Johns Hopkins University, Laurel, Maryland",
    EDITORS      = "",
    PAGES        = "",
    }
%
@ARTICLE{Oden82,
    AUTHOR       = "Oden, J. T.  and Kikuchi, N. ",
    TITLE        = "Finite element methods for constrained problems in 
                    elasticity",
    JOURNAL      = "Int.  J.  Numer.  Methods Eng. ",
    YEAR         = "1982",
    VOLUME       = "18",
    PAGES        = "701--725",
    }
%
@ARTICLE{Ogawa01,
    AUTHOR       = "Ogawa, K. ",
    TITLE        = "Impact tensile characteristics of 6061-{T}6 
                    aluminum alloy",
    JOURNAL      = "Journal of Japan Institute of Light Metals ",
    YEAR         = "2001",
    VOLUME       = "51",
    NUMBER       = "3",
    PAGES        = "175--181",
    }
%
@ARTICLE{Orozco97,
    AUTHOR       = "Orozco, C. E. ", 
    YEAR         = "1997",
    TITLE        = "Computational aspects of modeling complex microstructure 
                    composites using {GMC}",
    JOURNAL      = "Composites Part B",
    VOLUME       = "28B",
    PAGES        = "167--175",
    }
%
@ARTICLE{Ortiz99,
    AUTHOR       = "Ortiz, M. and Pandolfi, A.",
    YEAR         = "1999",
    TITLE        = "Finite-deformation irreversible cohesive elements for
                    three-dimensional crack-propagation analysis",
    JOURNAL      = "Int. J. Num. Meth. Engrg.",
    VOLUME       = "44",
    PAGES        = "1267--1282",
    }
%
@TECHREPORT{Osborne77,
    AUTHOR       = "Osborne, D. W. and Kirby, R. K.",
    YEAR         = "1977",
    TITLE        = "Research Material 5, Copper Heat Capacity Specimen",
    NUMBER       = "Report of Investigation", 
    INSTITUTION  = "National Bureau of Standards",
    ADDRESS      = "Gaithersburg, MD",
    }
%
@ARTICLE{Ostoja93,
    AUTHOR       = "Ostoja-Starzewski, M. ", 
    YEAR         = "1993",
    TITLE        = "Micromechanics as a basis of random elastic continuum 
                    approximations",
    JOURNAL      = "Probabilistic Engg.  Mech. ",
    VOLUME       = "8",
    PAGES        = "107--114",
    }
%
@ARTICLE{Ostoja94,
    AUTHOR       = "Ostoja-Starzewski, M.  and Sheng, P. Y.  and Jasiuk, I. ", 
    YEAR         = "1994",
    TITLE        = "Influence of random geometry on effective properties and 
                    damage formation in composite materials",
    JOURNAL      = "J.  Engg.  Mat.  Tech. ",
    VOLUME       = "116",
    PAGES        = "384--391",
    }
%
@INCOLLECTION{Ostoja95,
    AUTHOR       = "Ostoja-Starzewski, M.  and Schulte, J. ", 
    YEAR         = "1995",
    TITLE        = "Parallel finite difference methods for multiscale material 
                    problems", 
    BOOKTITLE    = "Computational Methods in Micromechanics AMD 212/MD 62",
    PUBLISHER    = "ASME",
    EDITOR       = "S.  Ghosh and M.  Ostoja-Starzewski",
    PAGES        = "71--79",
    }
%
@ARTICLE{Ostoja99,
    AUTHOR       = "Ostoja-Starzewski, M. ",
    TITLE        = "Microstructural disorder, mesoscale finite elements and 
                    macroscopic response",
    JOURNAL      = "Proc.  R.  Soc.  Lond.  A",
    YEAR         = "1999",
    VOLUME       = "455",
    PAGES        = "3189--3199",
    }
%
@ARTICLE{Overton55,
    AUTHOR       = "Overton, W. C. and Gaffney, J.",
    TITLE        = "Temperature variation of the elastic constants of cubic
                    elements. {I}. {C}opper",
    JOURNAL      = "Physical Review",
    YEAR         = "1955",
    VOLUME       = "98",
    NUMBER       = "4",
    PAGES        = "969--977",
    }
%
@ARTICLE{Paley92,
    AUTHOR       = "Paley, M.  and Aboudi, J. ", 
    YEAR         = "1992",
    TITLE        = "Micromechanical analysis of composites by the generalized 
                    cells model",
    JOURNAL      = "Mechanics of Materials",
    VOLUME       = "14",
    PAGES        = "127--139",
    }
%
@ARTICLE{Pan98,
    AUTHOR       = "Pan, L.  and Adams, D. O.  and Rizzo, F. J. ", 
    YEAR         = "1998",
    TITLE        = "Boundary element analysis for composite materials and a 
                    library of {G}reen's functions",
    JOURNAL      = "Computers and Structures",
    VOLUME       = "66",
    NUMBER       = "5",
    PAGES        = "685--693",
    }
%
@ARTICLE{Papa94,
    AUTHOR       = "Papathanasiou, T. D.  and Ingber, M. S.  and Mondy, L. A.  
                    and Graham, A. L. ", 
    YEAR         = "1994",
    TITLE        = "The effective elastic modulus of fiber-reinforced 
                    composites",
    JOURNAL      = "J.  Comp.  Mat. ",
    VOLUME       = "28",
    NUMBER       = "4",
    PAGES        = "288--304",
    }
%
@ARTICLE{Pardoen00,
    AUTHOR       = "Pardoen, T. and Hutchinson, J. W.",
    YEAR         = "2000",
    TITLE        = "An extended model for void growth and coalescence",
    JOURNAL      = "J. Mech. Phys. Solids",
    VOLUME       = "48",
    PAGES        = "2467--2512",
    }
%
@ARTICLE{Parker61,
    AUTHOR       = "Parker, W. J. and Jenkins, R. J. and Butler, C. P. and
                    Abbott, G. L.",
    YEAR         = "1961",
    TITLE        = "Flash method of determining thermal diffusivity, heat
                    capacity, and thermal conductivity",
    JOURNAL      = "J. Appl. Phys.",
    VOLUME       = "32",
    NUMBER       = "9",
    PAGES        = "1679--1684",
    }
%
@ARTICLE{Pecullan99,
    AUTHOR       = "Pecullan, S.  and Gibiansky, L. V.  and Torquato, S. ", 
    YEAR         = "1999",
    TITLE        = "Scale effects on the elastic behavior of periodic and 
                    hierarchical two-dimensional composites",
    JOURNAL      = "J.  Mech.  Phys.  Solids",
    VOLUME       = "47",
    PAGES        = "1509--1542",
    }
%
@INCOLLECTION{Perzyna93,
    AUTHOR       = "Perzyna, P.",
    TITLE        = "Constitutive equations for thermoinelasticity and instability
                    phenomena in thermodynamic flow processes",
    BOOKTITLE    = "Progress in Computational Analysis of Inelastic Structures:
                    CISM Courses and Lectures No. 321",
    EDITOR       = "Stein E.",
    YEAR         = "1993",
    PUBLISHER    = "Springer-Verlag-Wien",
    ADDRESS      = "New York",
    PAGES        = "1--78",
    }
%
@INCOLLECTION{Perzyna98,
    AUTHOR       = "Perzyna, P.",
    TITLE        = "Constitutive modelling of dissipative solids for 
                    localization and fracture",
    BOOKTITLE    = "Localization and Fracture Phenomena in Inelastic Solids:
                    CISM Courses and Lectures No. 386",
    EDITOR       = "Perzyna P.",
    YEAR         = "1998",
    PUBLISHER    = "SpringerWien",
    ADDRESS      = "New York",
    PAGES        = "99--241",
    }
%
@TECHREPORT{Pindera97,
    AUTHOR       = "Pindera, M. -J.  and Bednarcyk, B.  A. ", 
    YEAR         = "1997",
    TITLE        = "An efficient implementation of the {GMC} micromechanics 
                    model for multi-phased materials with complex 
                    microstructures", 
    NUMBER       = "NASA-CR 202350", 
    INSTITUTION  = "National Aeronautics and Space Administration", 
    ADDRESS      = "Lewis Research Center, USA",
    }
%
@ARTICLE{Pindera99,
    AUTHOR       = "Pindera, M. -J.   and Bednarcyk, B. A. ",
    TITLE        = "An efficient implementation of the generalized method of 
                    cells for unidirectional, multi-phased composites with 
                    complex microstructures",
    JOURNAL      = "Composites: Part B",
    YEAR         = "1999",
    VOLUME       = "30",
    PAGES        = "87--105",
    }
%
@ARTICLE{Pipkin68,
    AUTHOR       = "Pipkin, A. C.  and Rogers, T. G. ",
    TITLE        = "A non-linear integral representation for viscoelastic 
                    behavior",
    JOURNAL      = "J.  Mech.  Phys.  Solids",
    YEAR         = "1968",
    VOLUME       = "16",
    PAGES        = "59--74",
    }
%
@ARTICLE{Planas03,
    AUTHOR       = "Planas, J.  and Elices, M.  and Guinea, G. V.  and Gomez, F. J. 
                    and Cendon, D. A.  and Arbilla, I. ",
    TITLE        = "Generalizations and specializations of cohesive crack
                    models",
    JOURNAL      = "Engineering Fracture Mechanics",
    YEAR         = "2003",
    VOLUME       = "70",
    PAGES        = "1759--1776",
    }
%
@BOOK{Poirier91,
    AUTHOR       = "Poirier, J.-P",
    TITLE        = "Introduction to the Physics of the Earth's Interior",
    PUBLISHER    = "Cambridge University Press",
    ADDRESS      = "Cambridge, UK",
    YEAR         = "1991",
    }
%
@ARTICLE{Poutet96,
    AUTHOR       = "Poutet, J.  and Manzoni, D.  and Hage-Chehade, F.  and
                    Jacquin, C. J.  and Bouteca, M. J.  and Thovert, J. -F. 
                    and Adler, P. M. ",
    YEAR         = "1996",
    TITLE        = "The effective mechanical properties of random porous
                    media",
    JOURNAL      = "J.  Mech.  Phys.  Solids",
    VOLUME       = "44",
    NUMBER       = "10",
    PAGES        = "1587--1620",
    }
%
@ARTICLE{Preston03,
    AUTHOR       = "Preston, D. L. and Tonks, D. L. and Wallace, D. C.",
    YEAR         = "2003",
    TITLE        = "Model of plastic deformation for extreme loading 
                    conditions",
    JOURNAL      = "J. Appl. Phys.",
    VOLUME       = "93",
    NUMBER       = "1",
    PAGES        = "211--220",
    }
%
@ARTICLE{Puchi01,
    AUTHOR       = "Puchi-Cabrera, E. S. and Villabos-Guti{\'{e}}rres, C. and
                    Castro-Fari{\~{n}}as, G.",
    TITLE        = "On the mechanical threshold stress of aluminum: {E}ffect
                    of the alloying content",
    JOURNAL      = "ASME J. Engg. Mater. Tech.",
    YEAR         = "2001",
    VOLUME       = "123",
    MONTH        = "April",
    PAGES        = "155--161",
    }
%
@ARTICLE{Puso98,
    AUTHOR       = "Puso, M. A.  and Weiss, J. A. ",
    TITLE        = "Finite element implementation of anisotropic quasilinear
                    viscoelasticity",
    JOURNAL      = "ASME J.  Biomech.  Eng. ",
    YEAR         = "1998",
    VOLUME       = "120",
    NUMBER       = "1",
    PAGES        = "62--70",
    }
%
@INPROCEEDINGS{Rae98,
    AUTHOR       = "Rae, P. J.  and Goldrein, H. T.  and Palmer, S. J. P.  and 
                    Field, J. E.  and Lewis, A. L. ",
    TITLE        = "Studies of the failure mechanisms of polymer-bonded 
                    explosives by high resolution {M}oire interferometry and 
                    environmental scanning electron microscopy",
    BOOKTITLE    = "Proc. , 11th International Detonation Symposium", 
    YEAR         = "1998",
    ADDRESS      = "Snowmass, Colorado",
    PAGES        = "66--75",
    }
%
@ARTICLE{Rae02,
    AUTHOR       = "Rae, P. J.  and Golrein, H. T.  and Palmer, S. J. P.  
                    and Field, J. E.  and Lewis, A. L. ",
    YEAR         = "2002",
    TITLE        = "Quasistatic studies of the deformation and failure 
                    of $\beta$-{HMX} based polymer bonded explosives",
    JOURNAL      = "Proc.  R.  Soc.  Lond.  A",
    VOLUME       = "458",
    PAGES        = "743--762",
    }
%
@INCOLLECTION{Raft92,
    AUTHOR       = "Raftenberg, M. N.  and Karuse, C. D. ",
    YEAR         = "1992",
    TITLE        = "{RHA} plate penetration by a shaped-charge jet:
                    experiment and hydrocode simulation",
    BOOKTITLE    = "Shock-Wave and High-Strain-Rate Phenomena in Materials",
    PUBLISHER    = "Marcel Dekker Inc. ",
    EDITOR       = "Meyers, M. A.  and Murr, L. E.  and Staudhammer, K. P. ",
    CHAPTER      = "50",
    ADDRESS      = "New York",
    PAGES        = "555--564",
    }
%
@ARTICLE{Rajagopal92,
    AUTHOR       = "Rajagopal, K. R.  and Wineman, A. S. ",
    TITLE        = "A constitutive equation for nonlinear solids which undergo 
                    deformation induced microstructural changes",
    JOURNAL      = "Intl.  J.  Plasticity",
    YEAR         = "1992",
    VOLUME       = "8",
    PAGES        = "385--395",
    }
%
@ARTICLE{Rajeswari88,
    AUTHOR       = "Rajeswari, M. and Ramshesha, S. K. and Raychaudhuri, A. K.",
    TITLE        = "Continuous-cooling method of specific heat measurement
                    in the temperature range 100-300{K}",
    JOURNAL      = "J. Phys. E: Sci. Instrum.",
    YEAR         = "1988",
    VOLUME       = "21",
    PAGES        = "1017--1022",
    }
%
@ARTICLE{Rama96,
    AUTHOR       = "Ramakrishnan, N.  and Kumar, A. M.  and Radhakrishna 
                    Bhat, B. V. ", 
    YEAR         = "1996",
    TITLE        = "A generalized plane strain technique for estimating 
                    effective properties of particulate metal matrix composites 
                    using {FEM}",
    JOURNAL      = "J.  Materials Science",
    VOLUME       = "31",
    PAGES        = "3507--3512",
    }
%
@ARTICLE{Ramaswamy98,
    AUTHOR       = "Ramaswamy, S.  and Aravas, N. ",
    TITLE        = "Finite element implementation of gradient plasticity
                    models {P}art {I}: {G}radient-dependent yield functions",
    JOURNAL      = "Comput.  Methods Appl.  Mech.  Engrg. ",
    YEAR         = "1998",
    VOLUME       = "163",
    PAGES        = "11--32",
    }
%
@ARTICLE{Ramaswamy98a,
    AUTHOR       = "Ramaswamy, S.  and Aravas, N. ",
    TITLE        = "Finite element implementation of gradient plasticity
                    models {P}art {II}: {G}radient-dependent evolution 
                    equations",
    JOURNAL      = "Comput.  Methods Appl.  Mech.  Engrg. ",
    YEAR         = "1998",
    VOLUME       = "163",
    PAGES        = "33--53",
    }
%
@ARTICLE{Rao82,
    AUTHOR       = "Rao, K. P. and Doraivelu, S. M. and Gopinathan, V.",
    TITLE        = "Flow curves and deformation of materials at different
                    temperatures and strain rates",
    JOURNAL      = "J. Mechanical Working Tech.",
    YEAR         = "1982",
    VOLUME       = "6",
    PAGES        = "63--88",
    }
%
@INPROCEEDINGS{Ravi01,
    AUTHOR       = "Ravichandran, G. and Rosakis, A. J. and Hodowany, J. and
                    Rosakis, P.",
    TITLE        = "On the conversion of plastic work into heat during 
                    high-strain-rate deformation",
    BOOKTITLE    = "Proc. , 12th APS Topical Conference on Shock Compression of 
                    Condensed Matter", 
    YEAR         = "2001",
    ORGANIZATION = "American Physical Society",
    PAGES        = "557--562",
    }
%
@ARTICLE{Renard00,
    AUTHOR       = "Renard, P.  and Le Loch, G.  and Ledoux, E.  and de Marsily, G. 
                    and Mackay, R. ",
    YEAR         = "2000",
    TITLE        = "A fast algorithm for the estimation of equivalent hydraulic 
                    conductivity of heterogeneous media",
    JOURNAL      = "Water Resources Research",
    VOLUME       = "36",
    NUMBER       = "12",
    PAGES        = "3567--3580",
    }
%
@ARTICLE{Rivlin87,
    AUTHOR       = "Rivlin, R. S.  and Smith, G. F. ",
    TITLE        = "The description of material symmetry in materials with 
                    memory",
    JOURNAL      = "Int.  J.  Solids Struct. ",
    YEAR         = "1987",
    VOLUME       = "23",
    PAGES        = "325--334",
    }
%
@ARTICLE{Rizzo68,
    AUTHOR       = "Rizzo, F. J.  and Shippy, D. J. ", 
    YEAR         = "1968",
    TITLE        = "A formulation and solution procedure for the general 
                    non-homogeneous inclusion problem",
    JOURNAL      = "Int.  J.  Solids Struct. ",
    VOLUME       = "4",
    PAGES        = "1161--1179",
    }
%
@ARTICLE{Robert93,
    AUTHOR       = "Robertson, D. D.  and Mall, S. ", 
    YEAR         = "1993",
    TITLE        = "Micromechanical relations for fiber-reinforced composites 
                    using the free transverse shear approach",
    JOURNAL      = "J.  Composites Tech.  Research",
    VOLUME       = "15",
    NUMBER       = "3",
    PAGES        = "181--192",
    }
%
@ARTICLE{Robert94,
    AUTHOR       = "Robertson, D. D.  and Mall, S. ", 
    YEAR         = "1994",
    TITLE        = "Micromechanical analysis of metal matrix composite 
                    laminates with fiber/matrix interfacial damage",
    JOURNAL      = "Composites Engineering",
    VOLUME       = "4",
    NUMBER       = "12",
    PAGES        = "1257--1274",
    }
%
@ARTICLE{Rosakis00,
    AUTHOR       = "Rosakis, P. and Rosakis, A. J. and Ravichandran, G.
                    and Hodowany, J.",
    YEAR         = "2000",
    TITLE        = "A thermodynamic internal variable model for the partition
                    of plastic work into heat and stored energy in metals",
    JOURNAL      = "J. Mech. Phys. Solids",
    VOLUME       = "48",
    PAGES        = "581--607",
    }
%
@ARTICLE{Rosen70,
    AUTHOR       = "Rosen, B. W.   and Hashin, Z. ",
    TITLE        = "Effective thermal expansion coefficients and specific 
                    heats of composite materials",
    JOURNAL      = "Int.  J.  Engng.  Sci. ",
    YEAR         = "1970",
    VOLUME       = "8",
    PAGES        = "157--173",
    }
%
@ARTICLE{Rosenberg86,
    AUTHOR       = "Rosenberg, Z.  and Dawicke, D.  and Strader, E.  
                    and Bless, S.J. ",
    TITLE        = "A new technique for heating specimens in 
                    split-{H}opkinson-bar
    		    experiments using induction-coil heaters",
    JOURNAL      = "Exp.  Mechanics ",
    YEAR         = "1986",
    VOLUME       = "26",
    NUMBER       = "3",
    PAGES        = "157--173",
    }
%
@ARTICLE{Roux86,
    AUTHOR       = "Roux, S",
    YEAR         = "1986",
    TITLE        = "Relation between elastic and scalar transport exponent
                    in percolation",
    JOURNAL      = "J.  Phys.  A: Math.  Gen. ",
    VOLUME       = "19",
    PAGES        = "L351--L356",
    }
%
@ARTICLE{Rudnicki75,
    AUTHOR       = "Rudnicki, J. W. and Rice, J. R.",
    TITLE        = "Conditions for the localization of deformation in 
                    pressure-sensitive dilatant materials",
    JOURNAL      = "J. Mech. Phys. Solids",
    YEAR         = "1975",
    VOLUME       = "23",
    PAGES        = "371--394",
    }
%
@ARTICLE{Sab92,
    AUTHOR       = "Sab, K. ", 
    YEAR         = "1992",
    TITLE        = "On the homogenization and the simulation of random 
                    materials",
    JOURNAL      = "European J.  Mech. , A/Solids",
    VOLUME       = "11",
    NUMBER       = "5",
    PAGES        = "585--607",
    }
%
@ARTICLE{Sakino06,
    AUTHOR       = "Sakino, K.",
    YEAR         = "2006",
    TITLE        = "Strain rate dependence of dynamic flow stress considering
                    viscous drag for 6061 aluminum alloy at high strain rates",
    JOURNAL      = "J. Phys. IV France",
    VOLUME       = "134",
    PAGES        = "183--189",
    }
%
@ARTICLE{Samanta71,
    AUTHOR       = "Samanta, S. K. ", 
    YEAR         = "1971",
    TITLE        = "Dynamic deformation of aluminium and copper at 
                    elevated temperatures",
    JOURNAL      = "J. Mech. Phys. Solids",
    VOLUME       = "19",
    PAGES        = "117--135",
    }
%
@MASTERSTHESIS{Sanku95,
    AUTHOR       = "Sankurathri, A. ", 
    YEAR         = "1995",
    TITLE        = "The Effect of Fiber Architecture on the Response of 
                    MMCs with Internal Damage",
    SCHOOL       = "University of Virginia",
    }
%
@INCOLLECTION{Sanku96,
    AUTHOR       = "Sankurathri, A.  and Baxter, S.  and Pindera, M. -J. ", 
    YEAR         = "1996",
    TITLE        = "The effect of fiber architecture on the inelastic 
                    response of metal matrix composites
                    with interfacial and fiber damage", 
    BOOKTITLE    = "Damage and Interfacial Debonding in Composites",
    EDITOR       = "Voyiadjis, G.  Z.  and Allen, D.  H. ",
    PUBLISHER    = "Elsevier Science Publishers",
    ADDRESS      = "Amsterdam",
    PAGES        = "235--257",
    }
%
@ARTICLE{Schoenfeld03,
    AUTHOR       = "Schoenfeld, S. E.  and Wright, T. W. ",
    YEAR         = "2003",
    TITLE        = "A failure criterion based on material instability",
    JOURNAL      = "Int.  J.  Solids Struct. ",
    VOLUME       = "40",
    PAGES        = "3021--3037",
    }
%
@ARTICLE{Scheidler01,
    AUTHOR       = "Scheidler, M.  and Wright, T. W. ",
    YEAR         = "2001",
    TITLE        = "A continuum framework for finite viscoplasticity",
    JOURNAL      = "Int. J. Plasticity. ",
    VOLUME       = "17",
    PAGES        = "1033--1085",
    }
%
@BOOK{Schreyer97,
    AUTHOR       = "Schreyer, H. L. ",
    TITLE        = "Lecture Notes in Plate Theory",
    ADDRESS      = "Albuquerque",
    PUBLISHER    = "University of New Mexico",
    YEAR         = "1997",
    }
%
@ARTICLE{Schreyer05,
    AUTHOR       = "Schreyer, H. L. and Maudlin, P. J.",
    YEAR         = "2005",
    TITLE        = "Thermodynamically consistent relations involving plasticity,
                    internal energy and thermal effects",
    JOURNAL      = "Phil. Trans. R. Soc. A",
    VOLUME       = "363",
    PAGES        = "2517--2541",
    }
%
@INPROCEEDINGS{Seaman01,
    AUTHOR       = "Seaman, L. and Curran, D. R.",
    TITLE        = "Inertia and temperature effects in void growth",
    BOOKTITLE    = "Proc. , 12th APS Topical Conference on Shock Compression of 
                    Condensed Matter", 
    YEAR         = "2001",
    ORGANIZATION = "American Physical Society",
    PAGES        = "607--610",
    }
%
@UNPUBLISHED{Sewell99,
    AUTHOR       = "Sewell, T. D.  and Menikoff, R. ", 
    YEAR         = "1999",
    TITLE        = "Elastic coefficients and sound speeds for {HMX} polymorphs 
                    from molecular dynamics simulations", 
    NOTE         = "Personal communication",
    }
%
@ARTICLE{Shacklette74,
    AUTHOR       = "Shacklette, L. W.",
    YEAR         = "1974",
    TITLE        = "Specific heat and resistivity of iron near its {C}urie
                    point",
    JOURNAL      = "Phys. Rev. B",
    VOLUME       = "9",
    NUMBER       = "9",
    PAGES        = "3789--3792",
    }
%
@ARTICLE{Shah86,
    AUTHOR       = "Shah, N.  and Ottino, J. M. ",
    YEAR         = "1986",
    TITLE        = "Effective transport properties of disordered multi-phase 
                    composites: application of real-space renormalization
                    group theory",
    JOURNAL      = "Chemical Engineering Science",
    VOLUME       = "41",
    NUMBER       = "2",
    PAGES        = "283--296",
    }
%
@ARTICLE{Shi92,
    AUTHOR       = "Shi, N.  and Wilner, B.  and Arsenault, R. J. ", 
    YEAR         = "1992",
    TITLE        = "An {FEM} study of the plastic deformation of whisker 
                    reinforced {SiC/Al} composites",
    JOURNAL      = "Acta Metallurgica et Materialia",
    VOLUME       = "40",
    NUMBER       = "11",
    PAGES        = "2841--2854",
    }
%
@ARTICLE{Simha99,
    AUTHOR       = "Simha, N. K. and Bhattacharya, K.",
    TITLE        = "Edge effects on the propagation of phase boundaries",
    JOURNAL      = "Materials Science and Engrg.",
    YEAR         = "1999",
    VOLUME       = "A273-275",
    PAGES        = "241--244",
    }
%
@ARTICLE{Simo85,
    AUTHOR       = "Simo, J. C.  and Taylor, R. L.  and Pister, K. S. ",
    TITLE        = "Variational and projection methods for the volume 
                    constraint in finite deformation elastoplasticity",
    JOURNAL      = "Comp.  Meth.  Appl.  Mech.  Eng. ",
    YEAR         = "1985",
    VOLUME       = "51",
    PAGES        = "177--208",
    }
%
@ARTICLE{Simo85a,
    AUTHOR       = "Simo, J. C.",
    TITLE        = "On the computational significance of the intermediate 
                    configuration and hyperelastic stress relations in 
                    finite deformation elastoplasticity",
    JOURNAL      = "Mechanics of Materials",
    YEAR         = "1985",
    VOLUME       = "4",
    PAGES        = "439--451",
    }
%
@ARTICLE{Simo86,
    AUTHOR       = "Simo, J. C.  and Hughes, T. J. R. ",
    TITLE        = "On the variational foundations of assumed strain methods",
    JOURNAL      = "ASME J.  Appl.  Mech. ",
    YEAR         = "1986",
    VOLUME       = "53",
    PAGES        = "51--54",
    }
%
@ARTICLE{Simo87,
    AUTHOR       = "Simo, J. C. ",
    TITLE        = "On a fully three-dimensional finite-strain viscoelastic 
                    damage model: {F}ormulation and computational aspects",
    JOURNAL      = "Comp.  Meth.  Appl.  Mech.  Eng. ",
    YEAR         = "1987",
    VOLUME       = "60",
    PAGES        = "153--173",
    }
%
@ARTICLE{Simo88,
    AUTHOR       = "Simo, J. C. ",
    TITLE        = "A framework for finite strain elastoplasticity based on
                    maximum plastic dissipation and the multiplicative
                    decomposition.  {P}art {II}: {C}omputational aspects",
    JOURNAL      = "Comp.  Meth.  Appl.  Mech.  Eng. ",
    YEAR         = "1988",
    VOLUME       = "68",
    PAGES        = "1--31",
    }
%
@ARTICLE{Simo89,
    AUTHOR       = "Simo, J. C. and Fox, D. D.",
    TITLE        = "On a stress resultant geometrically exact shell model.
                    {P}art {I}: {F}ormulation and optimal parametrization",
    JOURNAL      = "Comp.  Meth.  Appl.  Mech.  Eng. ",
    YEAR         = "1989",
    VOLUME       = "72",
    PAGES        = "267--304",
    }
%
@ARTICLE{Simo89a,
    AUTHOR       = "Simo, J. C. and Fox, D. D. and Rifai, M. S.",
    TITLE        = "On a stress resultant geometrically exact shell model.
                    {P}art {II}: {T}he linear theory; Computational aspects",
    JOURNAL      = "Comp.  Meth.  Appl.  Mech.  Eng. ",
    YEAR         = "1989",
    VOLUME       = "73",
    PAGES        = "53--92",
    }
%
@ARTICLE{Simo90,
    AUTHOR       = "Simo, J. C. and Fox, D. D. and Rifai, M. S.",
    TITLE        = "On a stress resultant geometrically exact shell model.
                    {P}art {III}: {C}omputational aspects of the nonlinear
                    theory",
    JOURNAL      = "Comp.  Meth.  Appl.  Mech.  Eng. ",
    YEAR         = "1990",
    VOLUME       = "79",
    PAGES        = "21--70",
    }
%
@ARTICLE{Simo90a,
    AUTHOR       = "Simo, J. C. Rifai, M. S. and and Fox, D. D.",
    TITLE        = "On a stress resultant geometrically exact shell model.
                    {P}art {IV}: {V}ariable thickness shells with 
                    through-the-thickness stretching",
    JOURNAL      = "Comp.  Meth.  Appl.  Mech.  Eng. ",
    YEAR         = "1990",
    VOLUME       = "81",
    PAGES        = "91--126",
    }
%
@ARTICLE{Simo91,
    AUTHOR       = "Simo, J. C.  and Taylor, R. L. ",
    TITLE        = "Quasi-incompressible finite elasticity in principal 
                    stretches:  {C}ontinuum basis and numerical algorithms",
    JOURNAL      = "Comp.  Meth.  Appl.  Mech.  Eng. ",
    YEAR         = "1991",
    VOLUME       = "85",
    PAGES        = "273--310",
    }
%
@ARTICLE{Simo92,
    AUTHOR       = "Simo, J. C.  and Rifai, M. S.  and Fox, D. D. ",
    TITLE        = "On a stress resultant geometrically exact shell model. 
                    {P}art {VI}: {C}onserving algorithms for non-linear
                    dynamics",
    JOURNAL      = "Int.  J.  Numer.  Meth.  Engrg. ",
    YEAR         = "1992",
    VOLUME       = "34",
    PAGES        = "117--164",
    }
%
@ARTICLE{Simo92a,
    AUTHOR       = "Simo, J. C. and Miehe, C.", 
    TITLE        = "Associated coupled thermoplasticity at finite strains:
                    {F}ormulation, numerical analysis and implementation",
    JOURNAL      = "Comp.  Meth.  Appl.  Mech.  Engrg. ",
    YEAR         = "1992",
    VOLUME       = "98",
    PAGES        = "41--104",
    NOTE         = "Uses principle of maximum dissipation.  Restricted to 
                    cold working range and assumes that mechanical dissipation
                    depends only on the initial flow stress",
    }
%
@ARTICLE{Simo92b,
    AUTHOR       = "Simo, J. C.", 
    TITLE        = "Algorithms for static and dynamic multiplicative plasticity
                    that preserve the classical return mapping algorithms of the
                    infinitesimal theory",
    JOURNAL      = "Comp. Meth. Appl. Mech. Engrg.",
    YEAR         = "1992",
    VOLUME       = "99",
    PAGES        = "61--112",
    }
%
@ARTICLE{Simo93,
    AUTHOR       = "Simo, J. C.  and Oliver, J.  and Armero, F. ",
    TITLE        = "An analysis of strong discontinuities induced by 
                    strain-softening in rate-dependent inelastic solids",
    JOURNAL      = "Computational Mechanics",
    YEAR         = "1993",
    VOLUME       = "12",
    PAGES        = "277--296",
    }
%
@ARTICLE{Simo94,
    AUTHOR       = "Simo, J. C. and Tarnow, N.",
    TITLE        = "A new energy and momentum conserving algorithm for
                    non-linear dynamics of shells",
    JOURNAL      = "Int. J. Numer. Meth. Engng.",
    YEAR         = "1994",
    VOLUME       = "37",
    PAGES        = "2527--2549",
    }
%
@BOOK{Simo98,
    AUTHOR       = "Simo, J. C.  and Hughes, T. J. R. ",
    TITLE        = "Computational Inelasticity",
    ADDRESS      = "New York",
    PUBLISHER    = "Springer-Verlag",
    YEAR         = "1998",
    }
%
@INPROCEEDINGS{Skid97,
    AUTHOR       = "Skidmore, C. B.  and Phillips, D. S.  and Son, S. F.  
                    and Asay, B. W. ", 
    TITLE        = "Characterization of {HMX} particles in {PBX} 9501",
    BOOKTITLE    = "Proc. , 10th APS Topical Conference on Shock Compression of 
                    Condensed Matter", 
    YEAR         = "1997",
    ORGANIZATION = "American Physical Society",
    ADDRESS      = "Los Alamos, New Mexico",
    PAGES        = "112--119",
    }
%
@INPROCEEDINGS{Skid98,
    AUTHOR       = "Skidmore, C. B.  and Phillips, D. S.  and Howe, P. M.  and 
                    Mang, J. T.  and Romero, J. A. ", 
    YEAR         = "1998",
    TITLE        = "The evolution of microstructural changes in pressed {HMX} 
                    explosives",
    BOOKTITLE    = "Proc. , 11th International Detonation Symposium", 
    ADDRESS      = "Snowmass, Colorado",
    PAGES        = "556--564",
    }
%
@BOOK{Slaughter02,
    AUTHOR       = "Salughter, W. S.",
    YEAR         = "2002",
    TITLE        = "The Linearized Theory of Elasticity",
    PUBLISHER    = "Birhhauser", 
    ADDRESS      = "Boston",
    }
%
@ARTICLE{Smith64,
    AUTHOR       = "Smith, G. F.  and Rivlin, R. S. ",
    TITLE        = "Integrity bases for vectors.   The crystal classes. ",
    JOURNAL      = "Arch.  Rational Mech.  Anal. ",
    YEAR         = "1964",
    VOLUME       = "15",
    PAGES        = "169--221",
    }
%
@ARTICLE{Sorensen03,
    AUTHOR       = "Sorensen, B. F.  and Jacobsen, T. K. ",
    TITLE        = "Determinations of cohesive laws by the {J} integral 
                    approach",
    JOURNAL      = "Engineering Fracture Mechanics",
    YEAR         = "2003",
    VOLUME       = "70",
    PAGES        = "1841--1858",
    }
%
@BOOK{Spencer84,
    AUTHOR       = "Spencer, A. J. M. ",
    TITLE        = "Continuum Theory of the Mechanics of Fibre-Reinforced 
                    Composites",
    ADDRESS      = "New York",
    PUBLISHER    = "Springer-Verlag",
    YEAR         = "1984",
    }
%
@BOOK{Spencer80,
    AUTHOR       = "Spencer, A. J. M. ",
    TITLE        = "Continuum {M}echanics",
    ADDRESS      = "New York",
    PUBLISHER    = "Longman",
    YEAR         = "1980",
    }
%
@INCOLLECTION{Spencer54,
    AUTHOR       = "Spencer, A. J. M. ",
    TITLE        = "Theory of {I}nvariants",
    BOOKTITLE    = "Continuum Physics",
    EDITOR       = "Eringen AC",
    PAGES        = "239--253",
    PUBLISHER    = "Academic Press",
    ADDRESS      = "New York",
    YEAR         = "1954",
    }
%
@ARTICLE{Srikanth99,
    AUTHOR       = "Srikanth, A. and Zabaras, N.",
    YEAR         = "1999",
    TITLE        = "A computational model for the finite element analysis
                    of thermoplasticity coupled with ductile damage at 
                    finite strains",
    JOURNAL      = "Int. J. Numer. Methods Engrg.",
    VOLUME       = "45",
    PAGES        = "1569--1605",
    }
%
@BOOK{Stauffer92,
    AUTHOR       = "Stauffer, D.  and Aharony, A. ",
    TITLE        = "Introduction to Percolation Theory: Second Edition",
    PUBLISHER    = "Taylor and Francis",
    ADDRESS      = "London, Washington DC",
    YEAR         = "1992",
    }
%
@ARTICLE{Steinmann94,
    AUTHOR       = "Steinmann, P. and Miehe, C. and Stein, E.", 
    YEAR         = "1994",
    TITLE        = "Comparison of different finite deformation inelastic
                    damage models within multiplicative elastoplasticity
                    for ductile materials",
    JOURNAL      = "Computational Mechanics",
    VOLUME       = "13",
    PAGES        = "458--474",
    NOTE         = "Compares softening and localization behavior of 
                    von Mises, Lemaitre, and Gurson potentials.  Uses
                    logarithmic strains."
    }
%
@ARTICLE{Steinmann99,
    AUTHOR       = "Steinmann, P. ", 
    YEAR         = "1999",
    TITLE        = "Formulation and computation of geometrically nonlinear
                    gradient damage",
    JOURNAL      = "Int.  J.  Num.  Meth.  Engng. ",
    VOLUME       = "46",
    PAGES        = "757--779",
    }
%
@ARTICLE{Steinberg80,
    AUTHOR       = "Steinberg, D. J. and Cochran, S. G. and Guinan, M. W.", 
    YEAR         = "1980",
    TITLE        = "A constitutive model for metals applicable at 
                    high-strain rate",
    JOURNAL      = "J. Appl. Phys.",
    VOLUME       = "51",
    NUMBER       = "3",
    PAGES        = "1498--1504",
    }
%
@ARTICLE{Steinberg89,
    AUTHOR       = "Steinberg, D. J. and Lund, C. M.",
    YEAR         = "1989",
    TITLE        = "A constitutive model for strain rates from 10$^{-4}$ to
                    10$^6$ s$^{-1}$",
    JOURNAL      = "J. Appl. Phys.",
    VOLUME       = "65",
    NUMBER       = "4",
    PAGES        = "1528--1533",
    }
%
@ARTICLE{Stroeven99,
    AUTHOR       = "Stroeven, P.  and Stroeven, M. ", 
    YEAR         = "1999",
    TITLE        = "Assessment of packing characteristics by computer 
                    simulation",
    JOURNAL      = "Cement and Concrete Research",
    VOLUME       = "29",
    PAGES        = "1201--1206",
    }
%
@ARTICLE{Stueckel53,
    AUTHOR       = "Stueckelberg, E. C. G.  and Petermann, A. ", 
    YEAR         = "1953",
    TITLE        = "La normalisation des constantes dans la theorie des 
                    quanta",
    JOURNAL      = "Helv.  Phys.  Acta",
    VOLUME       = "26",
    PAGES        = "499--521",
    }
%
@ARTICLE{Sulsky94,
    AUTHOR       = "Sulsky, D.  and Chen, Z.  and Schreyer, H. L. ",
    TITLE        = "A particle method for history dependent materials",
    JOURNAL      = "Comput.  Methods Appl.  Mech.  Engrg. ",
    YEAR         = "1994",
    VOLUME       = "118",
    PAGES        = "179--196",
    }
%
@ARTICLE{Sulsky95,
    AUTHOR       = "Sulsky, D.  and Zhou, S.   and Schreyer, H. L. ",
    TITLE        = "Application of a particle-in-cell method to solid 
                    mechanics",
    JOURNAL      = "Computer Physics Communications",
    YEAR         = "1995",
    VOLUME       = "87",
    PAGES        = "236--252",
    }
%
@ARTICLE{Sun01,
    AUTHOR       = "Sun, H.  and Di, S.  and Zhang, N.  and Wu, C. ", 
    YEAR         = "2001",
    TITLE        = "Micromechanics of composite materials using multivariable 
                    finite element method 
                    and homogenization theory",
    JOURNAL      = "Int.  J.  Solids Struct. ",
    VOLUME       = "38",
    PAGES        = "3007--3020",
    }
%
@INCOLLECTION{Suquet85,
    AUTHOR       = "Suquet, P. M. ",
    TITLE        = "Elements of homogenization theory for inelastic solid 
                    mechanics",
    BOOKTITLE    = "Homogenization Techniques for Composite Media",
    EDITOR       = "Sanchez-Palencia, E and Zaoui, A",
    YEAR         = "1985",
    PUBLISHER    = "Springer",
    ADDRESS      = "Berlin",
    PAGES        = "",
    }
%
@ARTICLE{Sussman87,
    AUTHOR       = "Sussman, T.  and Bathe, K-J. ",
    TITLE        = "A finite element formulation for nonlinear incompressible 
                    elastic and inelastic analysis",
    JOURNAL      = "Computers \& Structures",
    YEAR         = "1987",
    VOLUME       = "26",
    PAGES        = "357--409",
    }
%
@ARTICLE{Tallon79,
    AUTHOR       = "Tallon, J. L.  and Wolfenden, A. ",
    TITLE        = "Temperature dependence of the elastic constants
                    of aluminum",
    JOURNAL      = "J. Phys. Chem. Solids",
    YEAR         = "1979",
    VOLUME       = "40",
    PAGES        = "831--837",
    }
%
@ARTICLE{Tanemura92,
    AUTHOR       = "Tanemura, M. ", 
    YEAR         = "1992",
    TITLE        = "Models and simulations of random structure particles",
    JOURNAL      = "Acta Stereologica",
    VOLUME       = "11",
    NUMBER       = "Suppl 1",
    PAGES        = "41--52",
    }
%
@ARTICLE{Tanimura86,
    AUTHOR       = "Tanimura, S. and Duffy, J.", 
    YEAR         = "1986",
    TITLE        = "Strain rate effects and temperature history effects for 
                    three different tempers of 4340 {VAR} steel",
    JOURNAL      = "Int. J. Plasticity",
    VOLUME       = "2",
    PAGES        = "21--35",
    }
%
@ARTICLE{Farren25,
    AUTHOR       = "Farren, W. S. and Taylor, G. I.",
    YEAR         = "1925",
    TITLE        = "The heat developed during plastic extension of metals",
    JOURNAL      = "Proc. Royal Soc. Lond. A",
    VOLUME       = "107",
    NUMBER       = "743",
    PAGES        = "422--451",
    }
%     
@ARTICLE{Taylor34,
    AUTHOR       = "Taylor, G. I. and Quinney, H.",
    YEAR         = "1934",
    TITLE        = "The latent energy remaining in a metal after cold working",
    JOURNAL      = "Proc. Royal Soc. Lond. A",
    VOLUME       = "143",
    NUMBER       = "849",
    PAGES        = "307--326",
    }
%     
@ARTICLE{Quinney37,
    AUTHOR       = "Quinney, H. and Taylor, G. I.",
    YEAR         = "1937",
    TITLE        = "The emission of latent energy due to previous cold working
                    when a metal is heated",
    JOURNAL      = "Proc. Royal Soc. Lond. A",
    VOLUME       = "163",
    NUMBER       = "913",
    PAGES        = "157--181",
    }
%     
@ARTICLE{Taylor48,
    AUTHOR       = "Taylor, G. I.",
    YEAR         = "1948",
    TITLE        = "The use of flat-ended projectiles for determining 
                    dynamic yield stress {I.} {T}heoretical considerations",
    JOURNAL      = "Proc. Royal Soc. London A",
    VOLUME       = "194",
    NUMBER       = "1038",
    PAGES        = "289--299",
    }
%     
@ARTICLE{Terada97,
    AUTHOR       = "Terada, K.  and Miura, T.  and Kikuchi, N. ", 
    YEAR         = "1997",
    TITLE        = "Digital image-based modeling applied to the homogenization 
                    analysis of composite materials",
    JOURNAL      = "Computational Mechanics",
    VOLUME       = "20",
    PAGES        = "331--346",
    }
%     
@ARTICLE{Theo97,
    AUTHOR       = "Theocaris, P. S.  and Stavroulakis, G. E.  and 
                    Panagiotopoulos, P. D. ", 
    YEAR         = "1997",
    TITLE        = "Negative Poisson's ratios in composites with star-shaped 
                    inclusions: a numerical homogenization approach",
    JOURNAL      = "Arch.  Appl.  Mech. ",
    VOLUME       = "67",
    PAGES        = "274--286",
    }
%
@INPROCEEDINGS{Thorn01,
    AUTHOR       = "Thornhill, T. F. and Reinhart, W. D. and Chhabildas, L. C.
                    and Grady, D. E. and Wilson, L. T.",
    TITLE        = "Cylinder fragmentation using gas gun techniques",
    BOOKTITLE    = "Proc. , 12th APS Topical Conference on Shock Compression of 
                    Condensed Matter", 
    YEAR         = "2001",
    ORGANIZATION = "American Physical Society",
    PAGES        = "515--518",
    }
%
@BOOK{Ting96,
    AUTHOR       = "Ting, T. C. T. ", 
    YEAR         = "1996",
    TITLE        = "Anisotropic Elasticity - Theory and Applications",
    PUBLISHER    = "Oxford University Press", 
    ADDRESS      = "New York",
    }
%
@ARTICLE{Toi95,
    AUTHOR       = "Toi, Y.  and Kiyoshe, T. ", 
    YEAR         = "1995",
    TITLE        = "Damage mechanics models for brittle microcracking solids 
                    based on three-dimensional mesoscopic simulations",
    JOURNAL      = "Engg.  Fracture Mech. ",
    VOLUME       = "50",
    NUMBER       = "1",
    PAGES        = "11--27",
    }
%
@TECHREPORT{Tonks93,
    AUTHOR       = "Tonks, D. L.",
    TITLE        = "Deviatoric stresses and plastic strain rates in strong 
                    shock waves for six metals",
    INSTITUTION  = "Los Alamos National Laboratory",
    ADDRESS      = "New Mexico",
    YEAR         = "1993",
    TYPE         = "Report",
    NUMBER       = "LA-12641",
    }
%
@INPROCEEDINGS{Tonks01,
    AUTHOR       = "Tonks, D. L. and Zurek, A. K. and Thissell, W. R.",
    TITLE        = "Void coalescence model for ductile damage",
    BOOKTITLE    = "Proc. , 12th APS Topical Conference on Shock Compression of 
                    Condensed Matter", 
    YEAR         = "2001",
    ORGANIZATION = "American Physical Society",
    PAGES        = "611--614",
    }
%
@BOOK{Torq01,
    AUTHOR       = "Torquato, S. ",
    YEAR         = "2001",
    TITLE        = "Random Heterogeneous Materials: Microstructure and 
                    Macroscopic Properties",
    ADDRESS      = "New York",
    PUBLISHER    = "Springer-Verlag",
    NOTE         = "p.  595-619",
    }
%
@BOOK{Torquato02,
    AUTHOR       = "Torquato, S. ",
    TITLE        = "Random Heterogeneous Materials : Microstructure and 
                    Macroscopic Properties",
    PUBLISHER    = "Springer-Verlag",
    ADDRESS      = "New York",
    YEAR         = "2001",
    }
%
@INCOLLECTION{Trucano83,
    AUTHOR       = "Trucano, T. G. and Grady, D. E.",
    YEAR         = "1983",
    TITLE        = "Intermediate velocity penetration of steel spheres 
                    into deep aluminum targets",
    BOOKTITLE    = "Shock Waves in Condensed Matter",
    EDITOR       = "Asay, J. R. and Graham, R. A. and Straub, G. K.",
    PUBLISHER    = "Elsevier Science Publishers",
    ADDRESS      = "Amsterdam",
    PAGES        = "187--190",
    }
%
@ARTICLE{Truesdell45,
    AUTHOR       = "Truesdell, C.",
    TITLE        = "On a function which occurs in the theory of the structure
                    of polymers",
    JOURNAL      = "The Annals of Mathematics: Series 2",
    YEAR         = "1945",
    VOLUME       = "46",
    NUMBER       = "1",
    PAGES        = "144--157",
    }
%
@BOOK{Truesdell92,
    AUTHOR       = "Truesdell, C.  and Noll, W. ",
    TITLE        = "The Non-linear Field Theories of Mechanics",
    ADDRESS      = "New York",
    PUBLISHER    = "Springer-Verlag",
    YEAR         = "1992",
    }
%
@INCOLLECTION{Truesdell60,
    AUTHOR       = "Truesdell, C.  and Toupin, R. ",
    TITLE        = "The classical field theories",
    BOOKTITLE    = "Handbuck der Physik",
    YEAR         = "1960",
    ADDRESS      = "Berlin",
    PUBLISHER    = "Springer-Verlag",
    PAGES        = "226--793",
    }
%
@BOOK{Tschoegl89,
    AUTHOR       = "Tschoegl, N. W. ",
    TITLE        = "The Phenomenological Theory of Linear Viscoelastic 
                    Behavior",
    ADDRESS      = "New York",
    PUBLISHER    = "Springer-Verlag",
    YEAR         = "1989",
    }
%
@ARTICLE{Tver84,
    AUTHOR       = "Tvergaard, V. and Needleman, A.",
    TITLE        = "Analysis of the cup-cone fracture in a round tensile bar",
    JOURNAL      = "Acta Metall.",
    YEAR         = "1984",
    VOLUME       = "32",
    NUMBER       = "1",
    PAGES        = "157--169",
    }
%
@INCOLLECTION{Tver90,
    AUTHOR       = "Tvergaard, V.  and Needleman, A. ",
    YEAR         = "1990",
    TITLE        = "Ductile failure modes in dynamically loaded notched bars",
    BOOKTITLE    = "Damage Mechanics in Engineering Materials: AMD 109/MD 24",
    EDITOR       = "J. W.  Ju and D.  Krajcinovic and H. L.  Schreyer",
    PUBLISHER    = "American Society of Mechanical Engineers", 
    ADDRESS      = "New York, NY",
    PAGES        = "117--128",
    }
%
@ARTICLE{Tvergaard03,
    AUTHOR       = "Tvergaard, V. ",
    TITLE        = "Cohesive zone representations of failure between
                    elastic or rigid solids and ductile solids",
    JOURNAL      = "Engineering Fracture Mechanics",
    YEAR         = "2003",
    VOLUME       = "70",
    PAGES        = "1859--1868",
    }
%
@ARTICLE{Vaidya70,
    AUTHOR       = "Vaidya, S. N.  and Kennedy G. C.  ",
    TITLE        = "Compressibility of 18 metals to 45 kbar",
    JOURNAL      = "Phys. Chem. Solids",
    YEAR         = "1970",
    VOLUME       = "31",
    PAGES        = "2329--2345",
    }
%
@ARTICLE{Varshni70,
    AUTHOR       = "Varshni, Y. P.",
    TITLE        = "Temperature dependence of the elastic constants",
    JOURNAL      = "Physical Rev. B",
    YEAR         = "1970",
    VOLUME       = "2",
    NUMBER       = "10",
    PAGES        = "3952--3958",
    }
%
@ARTICLE{Vocadlo02,
    AUTHOR       = "Vocadlo, L. and Alfe, D.",
    TITLE        = "Ab initio melting curve of the fcc phase of aluminum",
    JOURNAL      = "Physical Rev. B",
    YEAR         = "2002",
    VOLUME       = "65",
    PAGES        = "214105-1--12",
    }
%
@ARTICLE{Vogler03,
    AUTHOR       = "Vogler, T. J. and Thornhill, T. F. and Reinhart, W. D. 
                    and Chhabildas, L. C. and Grady, D. E. and Wilson, L. T.
                    and Hurricane, O. A. and Sunwoo, A.",
    TITLE        = "Fragmentation of materials in expanding tube experiments",
    JOURNAL      = "Int. J. Impact Engrg.",
    YEAR         = "2003",
    VOLUME       = "29",
    PAGES        = "735--746",
    }
%
@ARTICLE{VonNeumann50,
    AUTHOR       = "VonNeumann, J. and Richtmyer, R. D.",
    TITLE        = "A method for the numerical calculation of hydrodynamic 
                    shocks", 
    JOURNAL      = "J. Appl. Phys.",
    YEAR         = "1950",
    VOLUME       = "21",
    PAGES        = "232",
    }
%
@ARTICLE{Vural03,
    AUTHOR       = "Vural, M. and Rittel, D. and Ravichandran, G.",
    TITLE        = "Large strain mechanical behavior of 1018 cold-rolled
                    steel over a wide range of strain rates",
    JOURNAL      = "Metall. Mater. Trans. A",
    YEAR         = "2003",
    VOLUME       = "34A",
    PAGES        = "2873--2885",
    }
%
@ARTICLE{Wallace60,
    AUTHOR       = "Wallace, D. C. and Sidles, P. H. and Danielson, G. C.",
    TITLE        = "Specific heat of high purity iron by a pulse heating 
                    method",
    JOURNAL      = "J. Appl. Phys.",
    YEAR         = "1960",
    VOLUME       = "31",
    NUMBER       = "1",
    PAGES        = "168--176",
    }
%
@ARTICLE{Wallace81,
    AUTHOR       = "Wallace, D. C.",
    TITLE        = "Irreversible thermodynamics of overdriven shocks in
                    solids",
    JOURNAL      = "Physical Review B",
    YEAR         = "1981",
    VOLUME       = "24",
    NUMBER       = "10",
    PAGES        = "5597--5606",
    }
%
@ARTICLE{Wallace81a,
    AUTHOR       = "Wallace, D. C.",
    TITLE        = "Nature of the process of overdriven shocks in metals",
    JOURNAL      = "Physical Review B",
    YEAR         = "1981",
    VOLUME       = "24",
    NUMBER       = "10",
    PAGES        = "5607--5615",
    }
%
@ARTICLE{Walling73,
    AUTHOR       = "Walling, H. C. and Forrestal, M. J.",
    TITLE        = "Elastic-plastic expansion of 6061-{T}6 aluminum rings",
    JOURNAL      = "AIAA Journal",
    YEAR         = "1973",
    VOLUME       = "11",
    NUMBER       = "8",
    PAGES        = "1196--1197",
    }

@ARTICLE{WallstedtJCP,
    AUTHOR       = "Wallstedt, P. C. and Guilkey, J. E.",
    TITLE        = "An evaluation of explicit time integration schemes for use
                    with the generalized interpolation material point method",
    JOURNAL      = "J. Comp. Phys.",
    YEAR         = "2008",
    VOLUME       = "227",
    PAGES        = "9628-9642",
    }
%
@ARTICLE{Wang94,
    AUTHOR       = "Wang, L. H. and Atluri, S. N.",
    TITLE        = "An analysis of an explicit algorithm and the radial 
                    return algorithm, and a proposed modification, in 
                    finite elasticity",
    JOURNAL      = "Computational Mechanics",
    YEAR         = "1994",
    VOLUME       = "13",
    PAGES        = "380--389",
    }
%
@ARTICLE{Wang95,
    AUTHOR       = "Wang, F. and Glimm, J. and Plohr, B.",
    TITLE        = "A model for rate-dependent plasticity",
    JOURNAL      = "J. Mech. Phys. Solids",
    YEAR         = "1995",
    VOLUME       = "43",
    NUMBER       = "9",
    PAGES        = "1497--1503",
    }
%
@ARTICLE{Wang97,
    AUTHOR       = "Wang, W. M. and Sluys, L. J. and De Borst, R.",
    TITLE        = "Viscoplasticity for instabilities due to strain softening
                    and strain-rate softening",
    JOURNAL      = "Int. J. Numer. Meth. Engng",
    YEAR         = "1997",
    VOLUME       = "40",
    PAGES        = "3839--3864",
    }
%
@ARTICLE{Wang98,
    AUTHOR       = "Wang, J.  and Fang, Q. F. and Zhu, Z. G.",
    TITLE        = "Sensitivity of Ultrasonic Attenuation and Velocity Change
                    to Cyclic Deformation in Pure Aluminum",
    JOURNAL      = "Phys. Stat. Sol.",
    YEAR         = "1998",
    VOLUME       = "169",
    PAGES        = "43--48",
    }
%
@ARTICLE{Wang00,
    AUTHOR       = "Wang, Y. and Chen, D. and Zhang, X.",
    TITLE        = "Calculated equation of stae of {A}l, {C}u, {T}a, {M}o, and
                    {W} to 1000 {GP}a",
    JOURNAL      = "Physical Review Letters",
    YEAR         = "2000",
    VOLUME       = "84",
    NUMBER       = "15",
    PAGES        = "3220--3223",
    }
%
@BOOK{Washizu74, 
    AUTHOR       = "Washizu, K. ",
    TITLE        = "Variational Methods in Elasticity and Plasticity",
    ADDRESS      = "Oxford",
    PUBLISHER    = "Pergamon",
    YEAR         = "1974",
    }
%
@ARTICLE{water_model_ref,
    AUTHOR       = "Cueto-Felgueroso, L. and Mosqueira, G. and Navarrina, F. and Casteleiro, M.",
    TITLE        = "On the Galerkin formulation of the smoothed particle hydrodynamics method",
    JOURNAL      = "Int. J. Numer. Meth. Engng",
    YEAR         = "2004",
    VOLUME       = "60",
    PAGES        = "1475--1512",
    }

@INPROCEEDINGS{Wiegand98,
    AUTHOR       = "Wiegand, D. A. ", 
    YEAR         = "1998",
    TITLE        = "Mechanical failure of composite plastic bonded explosives 
                    and other energetic materials", 
    BOOKTITLE    = "Proc. , 11th International Detonation Symposium", 
    ADDRESS      = "Snowmass, Colorado",
    PAGES        = "744--750",
    }
%
@ARTICLE{Weber90,
    AUTHOR       = "Weber, G. and Anand, L.",
    TITLE        = "Finite deformation constitutive equations and a time 
                    integration procedure for isotropic, 
                    hyperelastic-viscoplastic solids",
    JOURNAL      = "Comp. Methods Appl. Mech. Engrg.",
    YEAR         = "1990",
    VOLUME       = "79",
    PAGES        = "173--202",
    }
%
@ARTICLE{Weiss94,
    AUTHOR       = "Weiss, J. A.  ",
    TITLE        = "A constitutive model and finite element representation 
                    for transversely isotropic soft tissues",
    JOURNAL      = "Ph. D.  Dissertation",
    YEAR         = "1994",
    VOLUME       = "Department of Bioengineering, University of Utah",
    PAGES        = "",
    }
%
@ARTICLE{Weiss96,
    AUTHOR       = "Weiss, J. A.  and Maker, B. N.  and Govindjee, S. ",
    TITLE        = "Finite element implementation of incompressible,
                    transversely isotropic hyperelasticity",
    JOURNAL      = "Comp.  Meth.  Appl.  Mech.  Eng. ",
    YEAR         = "1996",
    VOLUME       = "135",
    PAGES        = "107--128",
    }
%
@ARTICLE{Wesenberg77,
    AUTHOR       = "Wesenberg, D. L. and Sagartz, M. J.",
    TITLE        = "Dynamic fracture of 6061-{T}6 aluminum cylinders",
    JOURNAL      = "J. Appl. Mech.",
    YEAR         = "1977",
    VOLUME       = "44",
    NUMBER       = "4",
    PAGES        = "643--646",
    }
%
@MASTERSTHESIS{Wetzel99,
    AUTHOR       = "Wetzel, B. J. ",
    TITLE        = "Investigation of the Creep Behavior of Nonlinear 
                    Viscoelastic Simulant Materials for High Explosives",
    SCHOOL       = "California Institute of Technology",
    YEAR         = "1999",
    ADDRESS      = "Pasadena, California",
    }
%
@ARTICLE{Whiffin48,
    AUTHOR       = "Whiffin, A. C.",
    YEAR         = "1948",
    TITLE        = "The use of flat-ended projectiles for determining 
                    dynamic yield stress {II.} {T}ests on various metallic
                    materials",
    JOURNAL      = "Proc. Royal Soc. London A",
    VOLUME       = "194",
    NUMBER       = "1038",
    PAGES        = "300--322",
    }
%     
@INCOLLECTION{Wilkins64,
    AUTHOR       = "Wilkins, M. L.",
    YEAR         = "1964",
    TITLE        = "Calculation of elastic-plastic flow",
    BOOKTITLE    = "Methods in Computational Physics V.3",
    EDITOR       = "Alder, B. and Fernbach, S. and Rotenberg, M. ", 
    PUBLISHER    = "Academic Press",
    ADDRESS      = "New York",
    PAGES        = "211--263",
    }
%
@ARTICLE{Wilkins73,
    AUTHOR       = "Wilkins, M. L. and Guinan, M. W.",
    TITLE        = "Impact of cylinders on a rigid boundary",
    JOURNAL      = "J. Appl. Phys.",
    YEAR         = "1973",
    VOLUME       = "44",
    NUMBER       = "3",
    PAGES        = "1200--1206",
    }
%
@BOOK{Wilkins99,
    AUTHOR       = "Wilkins, M. L. ",
    YEAR         = "1999",
    TITLE        = "Computer Simulation of Dynamic Phenomena",
    PUBLISHER    = "Springer-Verlag", 
    ADDRESS      = "Berlin",
    }
%
@ARTICLE{Williams87,
    AUTHOR       = "Williams, Q. and Jeanloz, R. and Bass, J. and Svendsen, B.
                    and Ahrens, T. J.",
    YEAR         = "1987",
    TITLE        = "The melting curve of iron to 250 gigapascals:
                    a constraint of the temperature at earth's center",
    JOURNAL      = "Science",
    VOLUME       = "236",
    PAGES        = "181--182",
    }
%
@UNPUBLISHED{Williams98,
    AUTHOR       = "Williams, T. 0. ", 
    YEAR         = "1998",  
    TITLE        = "{HMX} properties",
    NOTE         = "Personal communication",
    }
%
@ARTICLE{Williams99,
    AUTHOR       = "Williams, T. O.  and Aboudi, J. ", 
    YEAR         = "1999",
    TITLE        = "A generalized micromechanics model with shear-coupling",
    JOURNAL      = "Acta Mechanica",
    VOLUME       = "138",
    PAGES        = "131--154",
    }
%
@INPROCEEDINGS{Will02,
    AUTHOR       = "Williams, T. O.  and Beyerlein, I. ", 
    YEAR         = "2002",
    TITLE        = "Modeling the impact of localized deformation on the bulk 
                    response of heterogeneous energetic materials", 
    BOOKTITLE    = "Proc.  15th ASCE Engineering Mechanics Division Conference",
    ADDRESS      = "New York, New York", 
    }
%
@ARTICLE{Wilson71a,
    AUTHOR       = "Wilson, K. G. ",
    YEAR         = "1971",
    TITLE        = "Renormalization group and strong interactions",
    JOURNAL      = "Physical Review D",
    VOLUME       = "3",
    NUMBER       = "8",
    PAGES        = "1818--1846",
    }
%
@ARTICLE{Wilson71,
    AUTHOR       = "Wilson, K. G. ",
    YEAR         = "1971",
    TITLE        = "Renormalization group and critical phenomena.  {I}. 
                    {R}enormalization group and {K}adanoff scaling picture",
    JOURNAL      = "Physical Review B",
    VOLUME       = "4",
    NUMBER       = "9",
    PAGES        = "3174--3183",
    }
%
@ARTICLE{Wilson79,
    AUTHOR       = "Wilson, K. G. ",
    YEAR         = "1979",
    TITLE        = "Problems in physics with many scales of length",
    JOURNAL      = "Scientific American",
    VOLUME       = "241",
    MONTH        = "August",
    PAGES        = "158--179",
    }
%
@TECHREPORT{Wilt95,
    AUTHOR       = "Wilt, T. E. ", 
    YEAR         = "1995",
    TITLE        = "On the Finite Element Implementation of the Generalized 
                    Method of Cells Micromechanics Constitutive Model",
    NUMBER       = "NASA-CR-195451", 
    INSTITUTION  = "National Aeronautics and Space Administration", 
    ADDRESS      = "Lewis Research Center, USA",
    }
%
@TECHREPORT{Wolfer99,
    AUTHOR       = "Wolfer, W. G.",
    YEAR         = "1999",
    TITLE        = "Phonon drag on dislocations at high pressures",
    NUMBER       = "UCRL-ID-136221", 
    INSTITUTION  = "Lawrence Livermore National Laboratory", 
    ADDRESS      = "Livermore, California",
    }
%
@ARTICLE{Wriggers92,
    AUTHOR       = "Wriggers, P. and Miehe, C. and Kleiber, M. and 
                    Simo, J. C.",
    TITLE        = "On the coupled thermomechanical treatment of necking 
                    problems via finite element methods",
    JOURNAL      = "Int. J. Numer. Methods Engrg.",
    YEAR         = "1992",
    VOLUME       = "33",
    PAGES        = "869--883",
    }
%
@BOOK{Wright02,
    AUTHOR       = "Wright, T. W. ",
    YEAR         = "2002",
    TITLE        = "The Physics and Mathematics of Adiabatic Shear Bands",
    PUBLISHER    = "Cambridge University Press", 
    ADDRESS      = "Cambridge, UK",
    }
%
@BOOK{XFig04,
    AUTHOR       = "Sutanthavibul, S. and others",
    YEAR         = "2002",
    TITLE        = "Xfig User Manual Version 3.2.4",
    PUBLISHER    = "http://www.xfig.org",
    }
%
@ARTICLE{Yadav95,
    AUTHOR       = "Yadav, S. and Chichili, D. and Ramesh, K.",
    TITLE        = "The mechanical response of 6061-{T}6 {A}l/{A}l$_2${O}$_3$
                    metal matrix composite at high rates of deformation",
    JOURNAL      = "Acta Metall. Mater.",
    YEAR         = "1995",
    VOLUME       = "43",
    PAGES        = "4453--4464",
    }
%
@ARTICLE{Yoo93,
    AUTHOR       = "Yoo, C. S. and Holmes, N. C. and Ross, M.",
    TITLE        = "Shock temperatures and melting of iron at earth core
                    conditions",
    JOURNAL      = "Phys. Rev. Lett.",
    YEAR         = "1993",
    VOLUME       = "70",
    NUMBER       = "25",
    PAGES        = "3931--3934",
    }
%
@ARTICLE{Yuan03,
    AUTHOR       = "Yuan, H.  and Chen, J. ",
    TITLE        = "Computational analysis of thin coating layer failure
                    using a cohesive zone model and gradient plasticity",
    JOURNAL      = "Engineering Fracture Mechanics",
    YEAR         = "2003",
    VOLUME       = "70",
    PAGES        = "1929--1942",
    }
%
@ARTICLE{Zabaras92,
    AUTHOR       = "Zabaras, N.  and Arif, A. F. M",
    YEAR         = "1992",
    TITLE        = "A family of integration algorithms for constitutive
                    equations in finite deformation elasto-viscoplasticity",
    JOURNAL      = "Int.  J.  Numer.  Meth.  Engrg. ",
    VOLUME       = "33",
    PAGES        = "59--84",
    }
%
@ARTICLE{Zabaras99,
    AUTHOR       = "Zabaras, N. and Srikanth, A.",
    YEAR         = "1999",
    TITLE        = "An object-oriented programming approach to the {L}agrangian
                    {FEM} analysis of large inelastic deformations and 
                    metal-forming processes",
    JOURNAL      = "Int.  J.  Numer.  Meth.  Engrg. ",
    VOLUME       = "45",
    PAGES        = "399--445",
    }
%
@INPROCEEDINGS{Zaug98,
    AUTHOR       = "Zaug, J. M. ", 
    TITLE        = "Elastic constants of $\beta$-{HMX} and Tantalum,
                    equations of state of supercritical fluids and fluid 
                    mixtures and thermal transport determinations",
    BOOKTITLE    = "Proc. , 11th International Detonation Symposium", 
    YEAR         = "1998",
    ADDRESS      = "Snowmass, Colorado",
    PAGES        = "498--509",
    }
%
@ARTICLE{Zava92,
    AUTHOR       = "Zavaliangos, A. and Anand, L.",
    YEAR         = "1992",
    TITLE        = "Thermal aspects of shear localization in microporous
                    viscoplastic solids",
    JOURNAL      = "Int. J. Numer. Methods Engrg.",
    VOLUME       = "33",
    PAGES        = "595--634",
    }
%
@ARTICLE{Zerilli87,
    AUTHOR       = "Zerilli, F. J. and Armstrong, R. W.",
    YEAR         = "1987",
    TITLE        = "Dislocation-mechanics-based constitutive relations
                    for material dynamics calculations",
    JOURNAL      = "J. Appl. Phys.",
    VOLUME       = "61",
    NUMBER       = "5",
    PAGES        = "1816--1825",
    }
%
@INPROCEEDINGS{Zerilli93,
    AUTHOR       = "Zerilli, F. J. and Armstrong, R. W.",
    TITLE        = "Constitutive relations for the plastic deformation of 
                    metals",
    BOOKTITLE    = "High-Pressure Science and Technology - 1993",
    YEAR         = "1993",
    ADDRESS      = "Colorado Springs, Colorado",
    ORGANIZATION = "American Institute of Physics",
    PAGES        = "989--992",
    }
%
@ARTICLE{Zerilli04,
    AUTHOR       = "Zerilli, F. J.",
    YEAR         = "2004",
    TITLE        = "Dislocation mechanics-based constitutive equations",
    JOURNAL      = "Metall. Mater. Trans. A",
    VOLUME       = "35A",
    PAGES        = "2547--2555",
    }
%
@ARTICLE{Zerilli07,
    AUTHOR       = "Zerilli, F. J. and Armstrong R. W.",
    YEAR         = "2007",
    TITLE        = "A constitutive equation for the dynamic deformation behavior of polymers",
    JOURNAL      = "J. Mater. Sci.",
    VOLUME       = "42",
    PAGES        = "4562--4574",
    }
%
@ARTICLE{Zhang88,
    AUTHOR       = "Zhang, W. C.  and Evans, K. E. ", 
    YEAR         = "1988",
    TITLE        = "Numerical prediction of the mechanical properties of 
                    anisotropic composite materials",
    JOURNAL      = "Computers and Structures",
    VOLUME       = "29",
    NUMBER       = "3",
    PAGES        = "413--422",
    }
%
@ARTICLE{Zhang95a,
    AUTHOR       = "Zhang, Z. L.",
    YEAR         = "1995",
    TITLE        = "On the accuracies of numerical integration algorithms for
                    Gurson-based pressure-dependent elastoplastic constitutive
                    models",
    JOURNAL      = "Comput. Methods Appl. Mech. Engrg.",
    VOLUME       = "121",
    PAGES        = "15--28",
    }
%
@ARTICLE{Zhang95b,
    AUTHOR       = "Zhang, Z. L.",
    YEAR         = "1995",
    TITLE        = "Explicit consistent tangent moduli with a return mapping
                    algorithm for pressure-dependent elastoplastic models",
    JOURNAL      = "Comput. Methods Appl. Mech. Engrg.",
    VOLUME       = "121",
    PAGES        = "29--44",
    }
%
@BOOK{Zienk89,
    AUTHOR       = "Zienkiewicz, O. C.  and Taylor, R. L. ",
    TITLE        = "The Finite Element Method, Volume 1:  Basic Formulation 
                    and Linear Problems",
    ADDRESS      = "London",
    PUBLISHER    = "McGraw-Hill",
    YEAR         = "1989",
    }
%
@BOOK{Zhikov94,
    AUTHOR       = "Jikov, V. V.  and Kozlov, S. M.  and Oleinik, O. A. ", 
    YEAR         = "1994",
    TITLE        = "Homogenization of Differential Operators and Integral 
                    Functionals",
    PUBLISHER    = "Springer-Verlag", 
    ADDRESS      = "Berlin",
    }
%
@PHDTHESIS{Zhou98,
    AUTHOR       = "Zhou, S.  ",
    TITLE        = "The numerical prediction of material failure based on 
                    the material point method",
    YEAR         = "1998",
    SCHOOL       = "University of New Mexico",
    ADDRESS      = "Albuquerque, New Mexico",
   }
%
@ARTICLE{Zhou04,
    AUTHOR       = "Zhou, F. and Molinari, J. F.",
    TITLE        = "Dynamic crack propagation with cohesive elements:
                    a methodology to address mesh dependency",
    JOURNAL      = "Int. J. Numer. Meth. Engng.",
    YEAR         = "2004",
    VOLUME       = "59",
    PAGES        = "1--24",
   }
%
@INPROCEEDINGS{Zocher00,
    AUTHOR       = "Zocher, M. A.  and Maudlin, P. J.  and Chen, S. R.  and 
                    Flower-Maudlin, E. C. ", 
    TITLE        = "An evaluation of several hardening models using {T}aylor 
                    cylinder impact data",
    BOOKTITLE    = "Proc. , European Congress on Computational Methods in 
                    Applied Sciences and Engineering",
    YEAR         = "2000",
    ORGANIZATION = "ECCOMAS",
    ADDRESS      = "Barcelona, Spain",
    }
%
@ARTICLE{Zohdi01,
    AUTHOR       = "Zohdi, T. I.   and Wriggers, P. ",
    TITLE        = "Aspects of the computational testing of the mechanical 
                    properties of microheterogeneous material samples",
    JOURNAL      = "Int.  J.  Numer.  Meth.  Engng. ",
    YEAR         = "2001",
    VOLUME       = "50",
    PAGES        = "2573--2599",
    }
%
@INCOLLECTION{Zukas90,
    AUTHOR       = "Zukas, J. ", 
    YEAR         = "1990",
    TITLE        = "Survey of computer codes for impact simulation",
    BOOKTITLE    = "High Velocity Impact Dynamics",
    EDITOR       = "Zukas, J. ", 
    PUBLISHER    = "Wiley",
    ADDRESS      = "New York",
    PAGES        = "593--714",
    }
%
%
@ARTICLE{Brannon10,
    AUTHOR       = "Brannon, R. M. and Leelavanichkul, S.",
    TITLE        = "A multi-stage return algorithm for solving the classical 
                    damage component of constitutive models for rocks, ceramics,
                    and other rock-like media ",
    JOURNAL      = "Int.  J. Fracture",
    YEAR         = "2010",
    VOLUME       = "163",
    PAGES        = "133--149",
    }
%
