@incollection{MJBerger_1984a,
  author =      "M. J. Berger",
  title =       "Data structures for adaptive mesh refinement",
  booktitle =   "Adaptive Computational Methods for Partial Differential
                 Equations",
  editor =      "I. Babu{\v s}ka and J. Chandra and J. E. Flaherty",
  publisher =   "SIAM",
  address =     "Philadelphia",
  year =        "1984",
  pages =       "",
  }
@article{MJBerger_1986a,
  author =      "M. J. Berger",
  title =       "Data structures for adaptive grid generation",
  journal =     "SIAM J. Sci. Stat. Comp.",
  year =        "1986",
  volume =      "7",
  pages =       "904--916",
  }
@article{MJBerger_1987a,
  author =      "M. J. Berger",
  title =       "On conservation at grid interfaces",
  journal =     "SIAM J. Numer. Anal.",
  volume =      "24",
  year =        "1987",
  pages =       "967--984",
  }
@article{MJBerger_SBokhari_1987a,
  author =      "M. J. Berger and S. Bokhari",
  title =       "A partitioning strategy for nonuniform problems on
                 multiprocessors",
  journal =     "IEEE Trans. Comput.",
  volume =      "C--36",
  year =        "1987",
  pages =       "570--580",
  }
@article{MJBerger_PColella_1989a,
  author =      "M. J. Berger and P. Colella",
  title =       "Local adaptive mesh refinement for shock hydrodynamics",
  journal =     "J. Comput. Phys.",
  volume =      "82",
  year =        "1989",
  pages =       "64--84",
  }
@inproceedings{MJBerger_AJameson_1985a,
  author =      "M. J. Berger and A. Jameson",
  title =       "An adaptive multigrid method for the {E}uler equation",
  booktitle =   "Proceedings of the Ninth International Conference on Numerical
                 Methods in Fluid Dynamics",
  editor =      "Soubbaramayer and J. P. Boujot",
  series =      "Lecture Notes in Physics",
  volume =      "218",
  publisher =   "Springer--Verlag",
  address =     "Berlin",
  year =        "1985",
  pages =       "",
  }
@article{MJBerger_AJameson_1985b,
  author =      "M. J. Berger and A. Jameson",
  title =       "Automatic adaptive grid refinement for the {E}uler equations",
  journal =     "AIAA J.",
  volume =      "23",
  year =        "1985",
  pages =       "561--568"
  }
@article{MJBerger_JOliger_1984a,
  author =      "M. J. Berger and J. Oliger",
  title =       "An adaptive mesh refinement for hyperbolic partial 
                 differential equations",
  journal =     "J. Comput. Phys.",
  volume =      "53",
  year =        "1984",
  pages =       "484--512",
  }
@article{bg91,
  author =      "M. J. Berger and I. Rigoustos",
  title =       "An algorithm for point clustering and grid generation",
  journal =     "IEEE. Trans. Sys. Man Cyber.",
  volume =      "21 (5)",
  year =        "1991",
  pages =       "1278--1286",
  }
@article{bbsw94,
  author =      "J. Bell, M. J. Berger, J. Saltzman and M. Welcome",
  title =       "Three-dimensional adaptive mesh refinement for hyperbolic conservation laws",
  journal =     "SIAM. J. Sci. Comput.",
  volume =      "15 (1)",
  year =        "1994",
  pages =       "127--138",
  }
@book{guide,
  author =      "A. Brandt",
  title =       "Multigrid techniques:  1984 guide with applications to 
                 fluid dynamics",
  series =      "GMD--Studien Nr. 85",
  publisher =   "Gesellschaft f{\"u}r {M}athematik und {D}atenverarbeitung",
  address =     "St. Augustin",
  year =        "1984",
  pages =       "31--40",
  }
@incollection{ucla,
  author =      "A. Brandt and D. Ron",
  title =       "Multigrid Solvers and Multilevel Optimization Strategies",
  booktitle =   "Multilevel Optimization in VLSICAD",
  editor =      "J. Cong and J. R. Shinnerl",
  publisher =   "Kluwer",
  address =     "Dordrecht, Holland",
  year =        "2003",
  pages =       "1--93",
  }
@phdthesis{neeman,
  author =      "H. J. Neeman",
  title =       "Autonomous hierarchical adaptive mesh refinement for multiscale simulations",
  school =      "University of Illinois at Urbana-Champaign",
  address =     "",
  year =        "1996"
  }
@article{fh75,
  author =      "F. H. Harlow and A. A. Amsden",
  title =       "Flow of interpenetrating material phases",
  journal =     "J. Comp. Phys.",
  volume =      "18",
  year =        "1975",
  pages =       "440--464",
  }
@book{hamming,
  author =      "R. W. Hamming",
  title =       "Numerical methods for scientists and engineers",
  series =      "",
  publisher =   "McGraw-Hill",
  address =     "New York",
  year =        "1973",
  note =        "Second edition"
  }
@book{dennis,
  author =      "J. E. Dennis Jr. and R. B. Schnabel",
  title =       "Numerical methods for unconstrained optimization and nonlinear equations",
  series =      "",
  publisher =   "Prentice-Hall",
  address =     "Englewood Cliffs, New Jersey",
  year =        "1983",
  note =        "Second edition"
  }
@book{martin,
  author =      "M. Berzins",
  year =        "2004",
  note =        "Personal Correspondence"
  }

@article{kashiwa1,
  author =      "B. A. Kashiwa and W. B. VanderHeyden",
  title =       "Compatible fluxes for van Leer advection",
  journal =     "J. Comp. Phys.",
  volume =      "146",
  year =        "1998",
  pages =       "1--28",
  }
@techreport{blueprint,
  author =      "T. Harman",
  title =       "Blueprint for the {Uintah} {ICE}-{CFD} code: single material",
  volume =      "",
  institution = "University of Utah",
  address =     "Salt Lake City, UT",
  year =        "June 21, 2000",
  note =        ""
  }
@techreport{kashiwa2,
  author =      "B. A. Kashiwa",
  title =       "A multifield Model and method for fluid-structure interaction dynamics",
  volume =      "LA-UR-01-1136",
  institution = "Los Alamos National Laboratory",
  address =     "Los Alamos, NM",
  year =        "August 2000",
  note =        "Submitted to J. Comp. Phys."
  }

@inproceedings{vanleer,
  author =      "B. van Leer",
  title =       "Multidimensional explicit difference schemes for hyperbolic conservation laws",
  booktitle =   "Computing methods in applied sciences and engineering VI",
  editor =      "R. Growinski and J. L. Lions",
  publisher =   "Elsevier",
  address =     "Amsterdam",
  year =        "1984",
  pages =       "5--11"
  }

@article{davis,
  author =      "S. F. Davis",
  title =       "A simplified {TVD} finite difference scheme via artificial viscosity",
  journal =     "SIAM J. Sci. Stat. Comput.",
  volume =      "8",
  year =        "1987",
  pages =       "1--18",
  }

@article{sweby,
  author =      "P. K. Sweby",
  title =       "High resolution schemes using flux limiters for hyperbolic conservation laws",
  journal =     "SIAM J. Numer. Anal.",
  volume =      "21",
  year =        "1984",
  pages =       "995--1011",
  }

@book{laney,
  author =      "G. B. Laney",
  title =       "Computational gasdynamics",
  series =      "",
  publisher =   "Cambridge university press",
  address =     "New York",
  year =        "1998"
  }

@techreport{report_s3,
  author =      "O. Livne",
  title =       "ICE Algorithm for the Shocktube Problem Status Report 3: Davis Advection Scheme",
  volume =      "",
  institution = "University of Utah",
  address =     "Salt Lake City, UT",
  year =        "February 23, 2005",
  note =        ""
  }

@book{leveque2,
  author =      "R. J. Leveque",
  title =       "Finite volume methods for hyperbolic problems",
  series =      "Cambridge texts in applied mathematics",
  publisher =   "Cambridge university press",
  address =     "Cambridge",
  year =        "2002"
  }

@article{zb,
  author =      "G. C. Zha and E. Bilgen",
  title =       "Numerical solutions of {E}uler equations by using a new flux vector splitting scheme",
  journal =     "Int. J. Num. Methods in Fluids",
  volume =      "17",
  year =        "1993",
  pages =       "115--144",
  }

@article{zb,
  author =      "G. C. Zha and E. Bilgen",
  title =       "Numerical solutions of {E}uler equations by using a new flux vector splitting scheme",
  journal =     "Int. J. Num. Methods in Fluids",
  volume =      "17",
  year =        "1993",
  pages =       "115--144",
  }
