
@INCOLLECTION{hypre,
  title        = {The Design and Implementation of hypre, a Library of Parallel High Performance Preconditioners},
  year         = 2006,
  author       = {R.D. Falgout and J.E. Jones and U.M. Yang},
  booktitle        = {Numerical Solution of Partial Differential Equations on Parallel Computers},
  editor       = {A.M. Bruaset and A. Tveito},
  pages        = {267-294},
  publisher   = {Springer-Verlag},
  organization = {},
}

@phdthesis{Charles_DQMOM,
	Author = {Charles Martin Reid},
	Date-Added = {2013-04-26 22:41:03 +0000},
	Date-Modified = {2013-04-26 22:41:03 +0000},
	Keywords = {DQMOM, V&UQ, Gasification},
	Month = {May},
	School = {University of Utah},
	Title = {An instrumentalist approach to validation: a quantitative assessment of a novel coal gasification model},
	Type = {Ph.D Thesis},
	Year = {2012}
}


@article{RF_2009,
	Author = {Rodney O. Fox},
	Date-Added = {2013-04-26 22:40:57 +0000},
	Date-Modified = {2013-04-26 22:40:57 +0000},
	Journal = {Ind. Eng. Chem. Res.},
	Pages = {9686-9696},
	Title = {Optimal moment sets for multivariate direct quadrature method of moments},
	Volume = {48},
	Year = {2009}
}

@ARTICLE{minion96,
  AUTHOR       = {M. Minion},
  TITLE        = {A Projection Method for Locally Refined Grids},
  YEAR         = {1996},
  JOURNAL      = {J. Comput. Phys.},
  volume       = {127},
  pages        = {158-177},
}

@ARTICLE{Compte71,
  author       = {G. Compte-Bellot and S. Corrsin},
  title        = {Simple {E}ulerian time correlation of full and narrow-band velocity signals in grid-generated, `isotropic' turbulence},
  journal      = {Journal of Fluid Mechanics},
  year         = 1971,
  volume       = 48,
  pages        = {273-337},
}

@BOOK{roache98,
  title        = {Verification and Validation in Computational Sciences and Engineering},
  author = {P. Roache},
  publisher    = {Hermosa Publishers},
  year         = 1998,
}

@ARTICLE{morinishi98,
  author       = {Y. Morinishi and T.S. Lund and O.V. Vasilyev and P. Moin},
  title        = {Fully conservatice higher order finite difference schemes for incompressible flow},
  journal      = {Journal of Computational Physics},
  year         = 1998,
  volume       = 143,
  pages        = {90-124},
}

@ARTICLE{leonard74,
  author       = {A. Leonard},
  title        = {Energy cascade in large eddy simulation of turbulent fluid flow},
  journal      = {Advances in Geophysics},
  year         = 1974,
  volume       = 18,
  pages        = {237-248},
}

@ARTICLE{pitsch2000,
  author       = {H. Pitsch and H. Steiner},
  title        = {Large-eddy simulation of a turbulent piloted methane/air diffusion flame ({S}andia flame {D})},
  journal      = {Physics of Fluids},
  year         = 2000,
  volume       = 12,
  number     = 10,
  pages        = {2541-2544},
}


@PHDTHESIS{Adams148,
  author       = {B. R. Adams},
  title        = {Computational Evaluation of Mechanisms Affecting Radiation in Gas- and Coal-Fired Industrial Furnaces},
  school       = {University of Utah},
  year         = 1993,
  address      = {Salt Lake City, UT},
}


@MASTERSTHESIS{Agosta21,
  author       = {A. Agosta},
  title        = {Development of a Chemical Surrogate for JP-8 Aviation Fuel Using a Pressurized Flow Reactor},
  school       = {Drexel University},
  year         = 2002,
  address = {Philadelphia, PA},
}

@ARTICLE{Anand121,
  author       = {M. S. Anand and A. T. Hsu and S. B. Pope},
  title        = {{PDF} Calculations for Swirl Combustors},
  journal      = {AIAA Journal},
  year         = 1996,
  volume       = 35,
  pages        = {1143-1150},
}

%JEREMY FIX THIS! NOT SHOWING UP....
@ARTICLE{Appel41,
author = {J. Appel and H. Bockhorn and M. Frenklach},
title = {Kinetic Modeling of Soot Formation With Detailed Chemistry and Physics: Laminar Premixed Flames of $C_2$ Hydrocarbons},
journal = {Combustion and Flame},
year = {2000},
volume = {121},
pages = {122-136},
}


@ARTICLE{Babrauskas28,
  author       = {V. Babrauskas},
  title        = {Free Burning Fires},
  journal      = {Fire Safety Journal},
  year         = 1986,
  volume       = 11,
  pages        = {33-51},
}

@INBOOK{Babrauskas29,
  author       = {V. Babrauskas},
  editor       = {P.J. DiNenno},
  chapter      = {Burning Rates},
  title        = {SFPE Handbook of Fire Protection Engineering},
  year         = 1995,
  note         = {Section 3/Chapter 1},
  pages       = {1-15},
  publisher   = {National Fire Protection Association},
  address      = {Quincy, MA},
}

@ARTICLE{Bakali53,
  author       = {A. El Bakali and J. L. Delfau and R. Akrich and C. Vovelle},
  title        = {Measurement of Soot Volume Fraction and Gaseous Species Concentrations in Premixed n-Heptane and iso-octane Flames},
  journal      = {Journal de Chimie Physique et de Physico-Chimie Biologique},
  volume       = 94,
  number       = 9,
  pages        = {1659-1673},
  year         = 1997,
}

@ARTICLE{Bastin47,
  title        = {Experimental and Computational Investigation of the Structure of a Sooting {$C_2H_2$-$O_2$-$Ar$} Flame},
  year         = 1988,
  author       = {E. Bastin and R. M. Delfau and M. Reuillon and C. Vovelle and J. Warnatz},
  journal      = {Proceedings of the Combustion Institute},
  volume       = 22,
  pages      = {313-322},
  organization = {The Combustion Institute},   
}

@ARTICLE{Bergmann107,
  author       = {V. Bergmann and W. Meier and D. Wolff and W. Stricker},
  title        = {Application of Spontaneous {R}aman and {R}ayleigh Scattering and {2D} {LIF} for the Characterization of a Turbulent {$CH_4$/$H_2$/$N_2$} Jet Diffusion Flame},
  journal      = {Applied Physics B},
  year         = 1998,
  volume       = 66,
  pages        = {489-502},
}

@ARTICLE{Bittner51,
  title        = {Composition Profiles and Reaction Mechanisms in a Near-Sooting Premixed Benzene/Oxygen/Argon Flame},
  year         = 1981,
  author       = {J. D. Bittner and J. B. Howard},
  journal      = {Proceedings of the Combustion Institute},
  volume       = 18,
  pages       = {1105-1116},
  organization = {The Combustion Institute},
}

@BOOK{Bockhorn40,
  author       = {H. Bockhorn},
  title        = {Soot Formation in Combustion: Mechanisms and Models},
  publisher    = {Springer Series in Chemical Physics, {\bf 59}, Springer-Verlag Berlin},
  year         = 1994,
  volume       = 59,
}

%FIX This is a series, so I decided to input it as journal with an editor and publisher (Should it be INBOOK instead?). The title is the title of vol. 59 in the series. The title of the chapter by Frenklach is "Soot Particle Formation"
@ARTICLE{Frenklach43,
  editor       = {H. Bockhorn},
  author       = {M. Frenklach and H. Wang},
  title        = {Soot Formation in Combustion: Mechanisms and Models},
  publisher    = {Springer-Verlag Berlin},
  journal      = {Springer Series in Chemical Physics},
  pages        = {165-190},
  year         = 1994,
  volume       = 59,
}

@ARTICLE{Bockhorn48,
  author       = {H. Bockhorn and F. Fetting and H. W. Wenz},
  title        = {Investigation of the Formation of High Molecular Hydrocarbons and Soot in Premixed Hydrocarbon-Oxygen Flames},
  journal      = {Berichte der Bunsen-Gesellschaft},
  year         = {1983},
  volume       = {87},
  number       = {11},
  pages        = {1067-1073},
}

@ARTICLE{Bongers83,
  title        = {Intrinsic Low-Dimensional Manifold Method Extended with Diffusion},
  year         = 2002,
  author       = {H. Bongers and J. A. van Oijen and L. P. H. de Goey},
  journal      = {Proceedings of the Combustion Institute},
  volume       = 29,
  pages       = {1371-1378},
  organization = {The Combustion Institute},
}

@ARTICLE{Burgess26,
  author       = {D. Burgess and J. Grumer and  H. Wolfhard},
  title        = {Diffusive Burning of Liquid Fuels in Open Trays},
  journal      = {Fire Research Abstracts and Reviews},
  year         = 1961,
  volume       = 3,
  pages        = {177-192},
}

@TECHREPORT{Burns137,
  author       = {S. P. Burns and M. A. Christon},
  title        = {Spatial Domain-Based Parallelism in Large-Scale, Participating-Media, Radiative Transport Applications},
  institution  = {SAND96-2485, Sandia National Laboratories},
  year         = 1996,
  note         = {},
}

@ARTICLE{Burns136,
  author       = {S. P. Burns and M. A. Christon},
  title        = {Spatial Domain-Based Parallelism in Large-Scale, Participating-Media, Radiative Transport Applications},
  journal      = {Numerical Heat Transfer B},
  year         = 1997,
  volume       = 31,
  pages        = {401-421},
}

@ARTICLE{Castaldi50,
  year         = 1996,
  author       = {M. J. Castaldi and N. M. Marinov and C. F. Melius and J. Huang and S. M. Senkan and W. J. Pitz and C. K. Westbrook},
  journal      = {Proceedings of the Combustion Institute},
  volume       = 26,
  pages       = {693-702},
  organization = {The Combustion Institute},
}

@ARTICLE{Cetegen144,
  author       = {B. M. Cetegen and T. A. Ahmed},
  title        = {Experiments on the Periodic Instability of Buoyant Plumes and Pool Fires},
  journal      = {Combustion and Flame},
  year         = 1993,
  volume       = 93,
  pages        = {157-184},
}

@ARTICLE{Chatris31,
  author       = {J. Chatris and J. Quintela and J.Folch and E. Planas and J. Arnaldos and J. Casal},
  title        = {Experimental Study of Burning Rate in Hydrocarbon Pool Fires},
  journal      = {Combustion Science and Technology},
  year         = 2001,
  volume       = 171,
  pages        = {141-161},
}

@PHDTHESIS{Ciro159,
  author       = {W. Ciro},
  title        = {Heat Transfer at Interfaces of a Container of High-Energy Materials Immersed in a Pool Fire},
  school       = {University of Utah},
  year         = 2005,
  address      = {Salt Lake City, UT},
}

@ARTICLE{Ciro165,
  author       = {W. Ciro and E. G. Eddings and A. F. Sarofim},
  title        = {Experimental and Numerical Investigation of Transient Soot Buildup on a Cylindrical Container Immersed in a Jet Fuel Pool Fire},
  journal      = {Combustion Science and Technology},
  year         = 2006,
  note         = {in press},
}

@ARTICLE{Coelho139,
  author       = {P. J. Coelho and J. Gon\c{c}alves},
  title        = {Parallelization of the Finite Volume Method for Radiation Heat Transfer},
  journal      = {International Journal of Numerical Methods for Heat \& Fluid Flow},
  year         = 1999,
  volume       = 9,
  pages        = {388-404},
}

@ARTICLE{Cook87,
  author       = {A. W. Cook and J. J. Riley},
  title        = {A Subgrid Model for Equilibrium Chemistry in Turbulent Flows},
  journal      = {Physics of Fluids},
  year         = 1994,
  volume       = 6,
  number       = 8,
  pages        = {2868-2870},
}

@ARTICLE{Cook89,
  author       = {A. W. Cook and J. J. Riley},
  title        = {Subgrid-Scale Modeling for Turbulent Reacting Flows},
  journal      = {Combustion and Flame},
  year         = 1998,
  volume       = 112,
  pages        = {593-606},
}

@ARTICLE{Cooke38,
  title        = {Computational and Experimental Study of a {JP-8} Counterflow Diffusion Flame},
  year         = 2005,
  journal      = {Proceedings of the Combustion Institute},
  author       = {J. A. Cooke and M. Bellucci and M. D. Smooke and A. Gomez and A. Violi and T. Faravelli and E. Ranzi},
  volume       = 30,
  pages       = {439-446},
  organization = {The Combustion Institute},
}

@ARTICLE{Coppalle147,
  author       = {A. Coppalle and P. Vervisch},
  title        = {The Total Emissivities of High-Temperature Flames},
  journal      = {Combustion and Flame},
  year         = 1983,
  volume       = 49,
  pages        = {101-108},
}

@MASTERSTHESIS{Daghlian14,
  author       = {J. Daghlian},
  title        = {Soot Volume Fraction and Temperature Measurement in a Slot Burner Utilizing Laser Extinction and Emission,},
  school       = {University of Utah},
  year         = 2002,
}

@ARTICLE{Doute35,
  author       = {C. Doute'and J.L. Delfau and R. Akrich and C. Vovelle},
  title        = {Chemical Structure of Atmospheric Pressure Premixed n-Decane and Kerosene flames},
  journal      = {Combustion Science and Technology},
  year         = 1995,
  volume       = 106,
  pages        = {327-344},
}

@PHDTHESIS{Denison145,
  author       = {M. K. Denison},
  title        = {A Spectral Line-Based Weighted-Sum-of-Gray-Gases Model for Arbitrary RTE Solvers},
  school       = {Brigham Young University},
  year         = 1994,
  address      = {Provo, UT},
}

@CONFERENCE{Desam115,  
  author       = {P. R. Desam and P. J. Smith},
  title        = {A Systematic Evaluation of {$NOx$} Formation Pathways and Subgrid Scale Models in Turbulent Nonpremixed {$CO$/$H_2$/$N_2$} Jet Flame Predictions},
  year         = 2004,
  address      = {Anaheim, CA},
  month        = {November 13-19},
  organization     = {ASME International Mechanical Engineering Congress and Exposition},
}

@ARTICLE{DesJardin90,
  author       = {P. E. DesJardin and S. H. Frankel},
  title        = {Large Eddy Simulation of a Nonpremixed Reacting Jet: Application and Assessment of Subgrid-Scale Combustion Models},
  journal      = {Physics of Fluids},
  year         = 1998,
  volume       = 10,
  number       = 9,
  pages        = {2298-2314},
}

@ARTICLE{Desjardin65,
  author       = {P.E. Desjardin and S.H. Frankel},
  title        = {Two-Dimensional Large Eddy Simulation of Soot Formation in the Near-Field of a Strongly Radiating Nonpremixed Acetylene-Air Turbulent Jet Flame},
  journal      = {Combustion and Flame},
  year         = 1999,
  volume       = 119,
  pages        = {121-132},
}

@ARTICLE{Echekki94,
  author       = {T. Echekki and A. R. Kerstein and T. D. Dreeben and J.-Y. Chen},
  title        = {One-Dimensional Turbulence Simulation of Turbulent Jet Diffusion Flames: Model Formulation and Illustrative Applications},
  journal      = {Combustion and Flame},
  year         = 2001,
  volume       = 125,
  pages        = {1083-1105},
}

@ARTICLE{Edwards33,
  author       = {T. Edwards},
  title        = {``{R}eal" Kerosene Aviation and Rocket Fuels: Composition and Surrogates},
  journal      = {Chemical and Physical Processes in Combustion},
  year         = 2001,
  pages        = {276-79},
}

@INCOLLECTION{Hostikka63,
  title        = {Numerical Modeling of Pool Fires Using LES and Finite Volume Method for Radiation},
  year         = 2003,
  author       = {S. Hostikka and K. B. McGrattan and A. Hamins},
  booktitle        = {Proceedings of the Seventh International Symposium on Fire Safety Science},
  editor       = {D.D. Evans},
  pages        = {383-394},
  organization = {International Association for Fire Safety Science},
  address      = {Boston, MA},
}

@BOOK{Evans132,
  author       = {M. Evans and N. Hastings and B. Peacock},
  title        = {Statistical Distributions},
  publisher    = {Wiley},
  address      = {New York},
  year         = 2000,
  edition      = 3,
}

@ARTICLE{Feeley173,
  author       = {R. Feeley and P. Seiler and A. Packard and M. Frenklach},
  title        = {Consistency of a Reaction Dataset},
  journal      = {Journal of Physical Chemistry Part A},
  year         = 2004,
  volume       = 108,
  pages        = {9573-9583},
}

@BOOK{Felder85,
  author       = {R. M. Felder and R. W. Rousseau},
  title        = {Elementary Principles of Chemical Processes},
  publisher    = {John Wiley and Sons},
  year         = 1986,
  address      = {New York},
  edition      = 2,
}

@BOOK{Ferziger73,
  author       = {J. H. Ferziger and M. Peric},
  title        = {Computational Methods for Fluid Dynamics},
  publisher    = {McGraw-Hill},
  year         = 2002,
  address      = {Berlin},
  edition      = 3,
}

@ARTICLE{Fiorina80,
  author       = {B. Fiorina and R. Baron and O. Gicquel and D. Th\'{e}venin and S. Carpentier and N. Darabiha},
  title        = {Modeling Non-Adiabatic Partially Premixed Flames Using Flame-Prolongation of ILDM},
  journal      = {Combustion Theory and Modelling },
  year         = 2003,
  volume       = 7,
  pages        = {449-470},
}

@ARTICLE{Floyd66,
  author       = {J.E. Floyd and K.B. McGrattan and S. Hostikka and H.R. Baum},
  title        = {{CFD} Fire Simulation Using Mixture Fraction Combustion and Finite Volume Radiative Heat Transfer},
  journal      = {Journal of Fire Protection Engineering},
  year         = 2003,
  volume       = 13,
  pages        = {11-36},
}

@ARTICLE{Fox126,
  author       = {R. O. Fox},
  title        = {On the Relationship Between Lagrangian Micromixing Models and Computational Fluid Dynamics},
  journal      = {Chemical Engineering and Processing},
  year         = 1998,
  volume       = 37,
  pages        = {512-535},
}

@BOOK{Fox125,
  author       = {R. O. Fox},
  title        = {Computational Models for Turbulent Reacting Flows},
  publisher    = {Cambridge University Press},
  year         = 2003,
}

@ARTICLE{Germano74,
  author       = {M. Germano and U. Piomelli and P. Moin and W. H. Cabot},
  title        = {A Dynamic Subgrid-Scale Eddy Viscosity Model},
  journal      = {Physics of Fluids A:Fluid Dynamics},
  year         = {1991},
  volume       = 3,
  number       = {7},
  pages        = {1760-1765},
}

@ARTICLE{Gicquel79,
  title        = {Laminar Premixed Hydrogen/Air Counterflow Flame Simulations Using Flame Prolongation of ILDM with Differential Diffusion},
  year         = 2000,
  author       = {O. Gicquel and N. Darabiha and D. Th\'{e}venin},
  journal      = {Proceedings of the Combustion Institute},
  volume       = 28,
  pages       = {1901-1908},
  organization = {The Combustion Institute},
}

@ARTICLE{Girimaji131,
  author       = {S. S. Girimaji},
  title        = {Assumed fi-{PDF} Model for Turbulent Mixing: Validation and Extension to Multiple Scalar Mixing},
  journal      = {Combustion Science and Technology},
  year         = 1991,
  volume       = 78,
  pages        = {177-196},
}

@TECHREPORT{Glarborg96,
  author       = {P. Glarborg and R. J. Kee and J. F. Grcar and J. A. Miller},
  title        = {{PSR}: A {FORTRAN} Program for Modeling Well-Stirred Reactors},
  institution  = {SAND86-8209, Sandia National Laboratories},
  year         = 1986,
  note         = {},
}

@ARTICLE{Gocka9,
  author       = {D. G\"{o}cka and C. Kuhr and A. Vela and A. Sch\"{o}nbucher},
  title        = {The Probabilistic Thermal Radiation Model {OSRAMO} {II} for Hydrocarbon Pool Fires  },
  year         = 2006,
  journal      = {Proceedings of the Combustion Institute},
  volume       = 31,
  organization = {The Combustion Institute},
  note         = {in press}
}

@ARTICLE{Goncalves138,
  author       = {J. Gon\c{c}alves and P. J. Coelho},
  title        = {Parallelization of the Discrete Ordinates Method},
  journal      = {Numerical Heat Transfer Part B},
  year         = 1997,
  volume       = 32,
  pages        = {151-173},
}

@INPROCEEDINGS{Goodwin95,
  title        = {An Open-Source, Extensible Software Suite for CVD Process Simulation},
  author       = {D. G. Goodwin},
  year         = 2003,
  publisher        = {Proceedings of CVD XVI and Euro CVD Fourteen, Electrochemical Society},
  editor       = {M. Allendorf and F. Maury and F. Teyssandier},
  pages        = 162,
}

@ARTICLE{Gore110,
  title        = {Structure and Spectral Radiation Properties of Turbulent Ethylene/Air Diffusion Flames},
  year         = 1986,
  author       = {J. P. Gore and G. M. Faeth},
  journal      = {Proceedings of the Combustion Institute},
  pages        = {1521-1531},
  volume       = 21,
  organization = {The Combustion Institute},
}

@ARTICLE{Gottlieb75,
  author       = {S. Gottlieb and C.-W. Shu and E. Tadmor},
  title        = {Strong Stability-Preserving High-Order Time Discretization Methods},
  journal      = {SIAM Review},
  year         = 2001,
  volume       = 43,
  number       = 1,
  pages        = {89-112},
}

@InCollection{Gritzo11,
  author       = {L. Gritzo and V. Nicolette and S. Tieszen and J. Moya and and J. Holeu},
  editor       = {S.H. Chan},
  title      = {Heat Transfer to the Fuel Surface in Large Pool Fires},
  booktitle        = {Transport Phenomena in Combustion},
  publisher    = {Taylor and Francis},
  year         = 1995,
 address       = {Washington DC},
}

@TECHREPORT{Grosshandler5,
  author       = {W. L. Grosshandler},
  title        = {RADCAL: A Narrow-Band Model for Radiation Calculations in a Combustion Environment},
  institution  = {1402},
  year         = {1993},
  note         = {NIST},
}

@ARTICLE{Grumer27,
  author       = {J. Grumer and A. Strasser and T. Kubala and S. Burgess},
  title        = {Uncontrolled Diffusive Burning of Some New Liquid Propellants},
  journal      = {Fire Research Abstracts and Reviews},
  year         = 1961,
  volume       = 3,
  pages        = {159-175},
}

@ARTICLE{Gueret34,
  author       = {C. Guerèt and M. Cathonnet and J.C. Boettner and F. Gaillard},
  title        = {Experimental Study and Modeling of Kerosene Oxidation in a Jet-Stirred Flow Reactor},
  journal      = {Proceedings of the Combustion Institute},
  volume       = 23,
  year         = 1990,
  organization = {The Combustion Institute},
  pages        = {211-216},
}

@ARTICLE{Guilkey161,
  author       = {J. E. Guilkey and J. A. Weiss},
  title        = {Implicit Time Integration for the Material-Point Method: Quantitative and Algorithmic Comparisons with the Finite-Element Method},
  journal      = {International Journal for Numerical Methods in Engineering},
  year         = 2003,
  volume       = 57,
  pages       = {1323-1338},
}

@ARTICLE{Harris49,
  author       = {S. J. Harris and A. M. Weiner},
  title        = {Surface Growth of Soot Particles in Premixed Ethylene/Air Flames},
  journal      = {Combustion Science and Technology},
  year         = 1983,
  volume       = 31,
  number       = {3-4},
  pages        = {155-167},
}

@ARTICLE{Hills166,
  author       = {R. G. Hills and E. C. J. Hensel},
  title        = {One-Dimensional Nonlinear Inverse Heat Conduction Technique},
  journal      = {Numerical Heat Transfer},
  year         = 1986,
  volume       = 10,
  pages        = {369-393},
}

@ARTICLE{Hottel1,
  author       = {H.C. Hottel},
  title        = {Review:`{C}ertain Laws Governing Diffusive Burning of Liquids', by {B}linov and {K}hudiakov (1957)},
  journal      = {Fire Research Abstracts and Reviews},
  year         = 1959,
  volume       = 1,
  pages        = {41-44},
}

@ARTICLE{Hsu153,
  author       = {P. Hsu and J. T. Farmer},
  title        = {Benchmark Solutions of Radiative Heat Transfer within Nonhomogeneous Participating Media Using the {M}onte {C}arlo and {YIX} Methods},
  journal      = {ASME Journal of Heat Transfer},
  year         = 1997,
  volume       = 119,
  pages        = {185-188},
}

@ARTICLE{Iwata30,
  author       = {Y. Iwata and H. Koseki and M. Janssens and T. Takahashi},
  title        = {Combustion Characteristics of Crude Oils},
  journal      = {Fire \& Materials},
  year         = 2001,
  volume       = 25,
  pages        = {1-7},
}

@ARTICLE{Jamaluddin142,
  author       = {A. S. Jamaluddin and P. J. Smith},
  title        = {Predicting Radiative Transfer in Rectangular Enclosures Using the Discrete Ordinates Method},
  journal      = {Combustion Science and Technology},
  year         = 1988,
  volume       = 59,
  pages        = {321-340},
}

@TECHREPORT{Jefferson97,
  author       = {T. H. Jefferson Jr. and J. A. Miller and R. J. Kee},
  title        = {{CHEMKIN}: A General - Purpose, Problem - Independent, Transportable, FORTRAN Chemical Kinetics Code Package},
  institution  = {SAND 80-8003, Sandia National Laboratories},
  year         = 1980,
  note       = {},
}

@ARTICLE{Jimenez88,
  author       = {J. Jimenez and A. Linan and M. M. Rogers and F. J. Higuera},
  title        = {A-priori Testing of Sub-Grid Models for Chemically Reacting Nonpremixed Turbulent Shear Flows},
  journal      = {Journal of Fluid Mechanics},
  year         = 1997,
  volume       = 349,
  pages        = {149-171},
}


@TECHREPORT{Kee101,
  title        = {Transport},
  year         = 1999,
  author       = {R. J. Kee and G. Dixon-Lewis and J. Warnatz and M. E. Coltrin and J. A. Miller and H. K. Moffat},
  note       = {},
  institution = {Release 3.5, Reaction Design, Inc.},
  address      = {San Diego, CA},
}

@ARTICLE{Kennedy99,
  author       = {C. A. Kennedy and M. H. Carpenter},
  title        = {A Comparison of Several New Numerical Methods for the Simulation of Compressible Shear Layers},
  journal      = {Applied Numerical Mathematics},
  year         = 1994,
  volume       = 14,
  number       = 4,
  pages        = {397-433},
}

@ARTICLE{Kennedy100,
  author       = {C. A. Kennedy and M. H. Carpenter and R. M. Lewis},
  title        = {Low-Storage, Explicit {R}unge-{K}utta Schemes for the Compressible {N}avier-{S}tokes Equations},
  journal      = {Applied Numerical Mathematics},
  year         = 2000,
  volume       = 35,
  number       = 3,
  pages        = {177-219},
}

@ARTICLE{Kennedy112,
  author       = {I. M. Kennedy},
  title        = {Models of Soot Formation and Oxidation},
  journal      = {Progress in Energy and Combustion Science},
  year         = 1997,
  volume       = 23,
  pages        = {95-132},
}

@ARTICLE{Kennedy111,
  author       = {I. M. Kennedy and W. Kollmann and J. Y. Chen},
  title        = {Model for Soot Formation in a Laminar Diffusion Flame},
  journal      = {Combustion and Flame},
  year         = 1990,
  volume       = 81,
  pages        = {73-85},
}

@TECHREPORT{Klassen4,
  author       = {M. Klassen and J. Gore},
  title        = {Structure and Radiation Properties of Pool Fires},
  institution  = {NIST-GCR-94-651},
  year         = 1994,
  address      = {NIST},
}

@ARTICLE{Kolhapure128,
  author       = {N. H. Kolhapure and R. O. Fox and A. Daib and F.-O. Mahling},
  title        = {PDF Simulations of Ethylene Decomposition in Tubular LDPE Reactors},
  journal      = {AIChE Journal},
  year         = 2005,
  volume       = 51,
  pages        = {585-606},
}

@ARTICLE{Kollmann118,
  author       = {W. Kollmann},
  title        = {The {PDF} Approach to Turbulent Flow},
  journal      = {Theoretical and Computational Fluid Dynamics},
  year         = 1990,
  number       = 1,
  pages        = {285-349},
}

@PHDTHESIS{Kops135,
  author       = {S. M. de Bruyn Kops},
  title        = {Numerical Simulation of Non-premixed Turbulent Combustion},
  school       = {University of Washington},
  year         = 1999,
  address      = {Seattle, WA},
}

@ARTICLE{Kops91,
  author       = {S. M. de Bruyn Kops and J. J. Riley and G. Kosaly},
  title        = {Investigation of Modeling for Non-Premixed Turbulent Combustion},
  journal      = {Flow, Turbulence and Combustion},
  year         = 1998,
  volume       = 60,
  pages        = {105-122},
}

@ARTICLE{Koseki16,
  author       = {H. Koseki and T. Yumoto},
  title        = {Air Entrainment and Thermal Radiation from Heptane Pool Fires},
  journal      = {Fire Technology},
  year         = 1988,
  volume       = 24,
  pages        = {33-47},
}

@ARTICLE{Kramer175,
  author       = {M. A. Kramer and M. Greiner and J. A. Koski and C. Lopez and A. Suo-Anttila},
  title        = {Measurements of Heat Transfer to a Massive Cylindrical Calorimeter Engulfed in a Circular Pool Fire},
  journal      = {Journal of Heat Transfer},
  year         = 2003,
  volume       = 125,
  pages        = {110-117},
}

@INCOLLECTION{Kramer176,
  author       = {M. Kramer and M. Griener and J. Koski and C. Lopez},
  booktitle        = {Thermal Measurements: The Foundation of Fire Standards},
  title      = {Uncertainty of Heat Transfer Measurements in an Engulfing Pool Fire},
  publisher    = {American Society for Testing and Materials},
  address      = {West Conshohocken, PA},
  note         = {ASTM STP 1427},
  year         = 2001,
}

@PHDTHESIS{Krishnamoorthy156,
  author       = {G. Krishnamoorthy},
  title        = {Predicting Radiative Heat Transfer in Parallel Computations of Combustion},
  school       = {University of Utah},
  year         = 2005,
  address      = {Salt Lake City, UT},
  month        = {December},
}

@ARTICLE{Krishnamoorthy151,
  author       = {G. Krishnamoorthy and R. Rawat and P. J. Smith},
  title        = {Parallel Computations of Non-Gray Radiative Heat Transfer},
  journal      = {Numerical Heat Transfer B},
  year         = 2005,
  volume       = 48,
  pages        = {191-211},
}


@ARTICLE{Krishnamoorthy160,
  AUTHOR =       {G. Krishnamoorthy and R. Rawat and P. J. Smith},
  TITLE =        {Parallel Computations of Radiative Heat Transfer Using the Discrete-Ordinates Method},
  JOURNAL =      {Numerical Heat Transfer B},
  YEAR =         {2005},
  volume =       {47},
  pages =        {19-38},
}

@UNPUBLISHED{Krishnamoorthy109,
  author       = {N. Krishnamoorthy and D. R. Yeates and D. O. Lignell and J. Spinti and P. J. Smith},
  title        = {A Priori Validation of Three Reaction Models using Experimental Data from Turbulent Non-Premixed Flames},
  note         = {Submitted to Combustion Theory and Modelling},
}

@CONFERENCE{Kumar181,
  title        = {Heat Transfer from a Fire to an Embedded Object of Complex Geometry: Verification and Validation},
  year         = 2005,
  author       = {S. Kumar and P. J. Smith},
  source       = {},
  organization = {Joint Meeting of the U. S. Sections of the Combustion Institute, The Combustion Institute},
  address      = {Philadelphia, PA},
  month        = {March},
  note         = {Paper E07}
}

@ARTICLE{Lam77,
  title        = {Understanding Complex Chemical Kinetics with Computational Singular Perturbation},
  year         = 1988,
  author       = {S. H. Lam and D. A. Goussis},
  volume       = 23,
  journal      = {Procedings of the Combustion Institute},
  number       = {931-941},
  organization = {The Combustion Institute},
}

@ARTICLE{Leung42,
  author       = {K. M. Leung and W. P. Linsdstedt and W. P. Jones},
  title        = {A Simplified Reaction Mechanism for Soot Formation in Non-Premixed Flames},
  journal      = {Combustion and Flame},
  year         = 1991,
  volume       = 87,
  pages        = {289-305},
}

@ARTICLE{Li154,
  author       = {B.-W. Li and H.-G. Chen and J.-H. Zhou and X.-Y. Cao and K.-F. Cen},
  title        = {The Spherical Surface Symmetrical Equal Dividing Angular Quadrature Scheme for Discrete Ordinates Method},
  journal      = {ASME Journal of Heat Transfer},
  year         = 2002,
  volume       = 124,
  pages        = {482-490},
}

@CONFERENCE{Lignell164,
  author       = {D. O. Lignell},
  title        = {Soot Formation and Transport in Turbulent Non-Premixed Ethylene Flames Using Direct Numerical Simulation},
  year         = 2006,
  address      = {Albuquerque, NM},
  month        = {May 8-9},
  organization       = {Fire Model Workshop, Sandia},
}

@ARTICLE{Lilly180,
  author       = {D. K. Lilly},
  title        = {A Proposed Modifcation of the {G}ermano Subgrid-Scale Closure Method},
  journal      = {Physics of Fluids A},
  year         = 1992,
  volume       = 4,
  pages        = {633-635},
}

@ARTICLE{Liu146,
  author       = {F. Liu and {\"O}. L. G{\"u}lder and G. J. Smallwood},
  title        = {Non-Grey Gas Radiative Transfer Analyses Using the Statistical Narrow-Band Model},
  journal      = {International Journal of Heat and Mass Transfer},
  year         = 1998,
  volume       = 41,
  pages        = {2227-2236},
}

@ARTICLE{Liu140,
  author       = {J. Liu and H. M. Shang and Y. S. Chen},
  title        = {Parallel Simulation of Radiative Heat Transfer Using an Unstructured Finite-Volume Method},
  journal      = {Numerical Heat Transfer B},
  year         = 1999,
  volume       = 36,
  pages        = {115-137},
}


@ARTICLE{Lockwood133,
  author       = {F. C. Lockwood and A. S. Naguib},
  title        = {The Prediction of the Fluctuations in the Properties of Free, Round-Jet, Turbulent, Diffusion Flames},
  journal      = {Combustion and Flame},
  year         = 1975,
  volume       = 24,
  pages        = {109-124},
}

@ARTICLE{Maas76,
  title        = {Implementation of Simplified Chemical Kinetics Based on Intrinsic Low-Dimensional Manifolds},
  year         = 1992,
  author       = {U. Maas and S. B. Pope},
  journal      = {Proceedings of the Combustion Institute},
  volume       = 24,
  pages       = {103-112},
  organization = {The Combustion Institute},
}

@ARTICLE{Marinov45,
  author       = {N. M. Marinov and W. J. Pitz and C. K. Westbrook and M. J. Castaldi and S. M. Senkan},
  title        = {Modeling of Aromatic and Polycyclic Aromatic Hydrocarbon Formation in Premixed Methane and Ethane Flames},
  journal      = {Combustion Science and Technology},
  year         = 1996,
  volume       = {116-117},
  number       = {1-6},
  pages        = {211-287},
}

@ARTICLE{Maurice20,
  author       = {L. Maurice and P. Lindstedt},
  title        = {Detailed Chemical-Kinetic Model for Aviation Fuels},
  journal      = {Journal of Propulsion \& Power},
  year         = 2000,
  volume       = 16,
  pages        = {187-195},
}

@PHDTHESIS{McDermott163,
  author       = {R. J. McDermott},
  title        = {Toward One-Dimensional Turbulence Subgrid Closure for Large-Eddy Simulation},
  school       = {University of Utah},
  year         = 2005,
  address      = {Salt Lake City, UT},
}

@ARTICLE{McGrattan57,
  author       = {K. B. McGrattan and H. R. Baum and R. G. Rehm and G. P. Forney and K. Prasad},
  title        = {Future of Fire Simulation},
  journal      = {Fire Protection Engineering},
  year         = 2002,
  volume       = 13,
  pages        = {24-36},
}

@TECHREPORT{McGrattan67,
  author       = {K.B. McGrattan and H.R. Baum and R.G. Rehm},
  title        = {Fire Dynamics Simulator, Technical Reference Guide},
  institution  = {NISTIR 6467, National Institute of Standards and Technology},
  year         = 2000,
  address      = {Gaithersburg, Maryland},
  organization = {},
}

@CONFERENCE{McRae170,
  author       = {G. J. McRae},
  title        = {Uncertainty Propagation in Combustion Kinetics- Implication for Database Design and Computation},
  year         = 2006,
  month        = {April},
  organization       = {NSF Workshop on Cyber-Based Combustion Science},
}

@ARTICLE{Meier108,
  author       = {W. Meier and R. S. Barlow and L.-Y. Chen and J.-Y. Chen},
  title        = {{R}aman/{R}ayleigh/{LIF} Measurements in a Turbulent {$CH_4$/$H_2$/$N_2$} Jet Diffusion Flame: Experimental Techniques and Turbulence-Chemistry Interaction},
  journal      = {Combustion and Flame},
  year         = 2000,
  volume       = 123,
  pages        = {326-343},
}

@ARTICLE{Mell56,
  title        = {Numerical Simulation of Fire Plumes},
  year         = 1996,
  author       = {W. E. Mell and K. B. McGrattan and H. R. Baum},
  pages        = {1523-1530},
  organization = {The Combustion Institute},
  journal      = {Proceedings of the Combustion Institute},
  volume       = 26,
}

@ARTICLE{Mell86,
  author       = {W. E. Mell and V. Nilsen and G. Kosaly and J. J. Riley},
  title        = {Direct Numerical Simulation Investigation of the Conditional Moment Closure Model for Nonpremixed Turbulent Reacting Flows},
  journal      = {Combustion Science and Technology},
  year         = 1993,
  volume       = 91,
  pages        = {179-186},
}

@BOOK{Modest143,
  author       = {M. F. Modest},
  title        = {Radiative Heat Transfer},
  publisher    = {McGraw-Hill},
  year         = 1993,
  address      = {New York},
  edition      = 1,
}

@ARTICLE{Moin158,
  author       = {P. Moin and K. Squires and W. Cabot and S. Lee},
  title        = {A Dynamic Subgrid-Scale Model for Compressible Turbulence and Scalar Transport},
  journal      = {Physics of Fluids A},
  year         = 1991,
  volume       = 3,
  number       = 11,
  pages        = {2746-2757},
}

@jurthesis{Julien_thesis,
	Address = {Salt Lake City},
	Author = {Julien Pedel},
	Date-Added = {2013-03-10 17:38:52 +0000},
	Date-Modified = {2013-03-10 18:50:46 +0000},
	Keywords = {LES; DQMOM; coal combustion},
	Month = {June},
	School = {University of Utah},
	Title = {Large Eddy Simulations of coal jet flame ignition using the Direct Quadrature  Method of Moments},
	Type = {Ph.D Thesis},
	Year = {2012},
}

@ARTICLE{Montgomery93,
  author       = {C. G. Montgomery and G. Kosaly and J. J. Riley},
  title        = {Direct Numerical Simulation of Turbulent Nonpremixed Combustion with Multistep Hydrogen-Oxygen Kinetics},
  journal      = {Combustion and Flame},
  year         = 1997,
  volume       = 109,
  pages        = {113-144},
}

@ARTICLE{Morvan61,
  author       = {D. Morvan and B. Porterie and J.C. Loraud and M. Larini},
  title        = {Numerical Simulation of a Methane/Air Radiating Turbulent Diffusion Flame},
  journal      = {International Journal of Numerical Methods for Heat \& Fluid Flow},
  year         = 2000,
  volume       = 10,
  pages        = {196-227},
}

@ARTICLE{Morvan62,
  author       = {D. Morvan and B. Porterie and J.C. Loraud and M. Larini},
  title        = {A Numerical Investigation of Cross Wind Effects on a Turbulent Buoyant Diffusion Flame},
  journal      = {Combustion Science and Technology},
  year         = 2001,
  volume       = 164,
  pages        = {1-35},
}

@ARTICLE{Mudan3,
  author       = {K. Mudan},
  title        = {Thermal Radiation Hazards from Hydrocarbon Pool Fires},
  journal      = {Progress in Energy and Combustion Science},
  year         = 1984,
  volume       = 10,
  pages        = {59-80},
}

@InCollection{Mudan6,
  author       = {K.S. Mudan and P.A. Croce},
  editor       = {P.J. DiNenno},
  title      = {Fire Hazard Calculations for Large Open Hydrocarbon Fires},
  booktitle        = {SFPE Handbook of Fire Protection Engineering},
  publisher    = {National Fire Protection Association},
  year         = 1995,
  pages        = {197-240},
 address       = {Quincy, MA},
}

@ARTICLE{Mueller105,
  author       = {M. A. Mueller and T. J. Kim and R. A. Yetter and F. L. Dreyer},
  title        = {Flow Reactor Studies and Kinetic Modeling of the {$H_2$/$O_2$} Reaction},
  journal      = {International Journal of Chemical Kinetics},
  year         = 1999,
  volume       = 31,
  number       = 2,
  pages        = {113-125},
}

@MISC{Nguyen155,
  author       = {D.-P. Nguyen},
  title        = {Personal communication},
  school       = {University of Utah},
  year         = 2004,
}

@TECHREPORT{Oberkampf152,
  author       = {W. L. Oberkampf and T. G. Trucano and C. Hirsch},
  title        = {Verification, Validation, and Predictive Capability in Computational Engineering and Physics},
  institution  = {SAND2003-3769},
  year         = 2003,
  address         = {Sandia National Laboratories}, 
}

@CONFERENCE{Oberkampf162,
  author       = {W. L. Oberkampf and T. G. Trucano},
  title        ={Validation Methodology in Computational Fluid Dynamics},
  year         = {June 2000},
  source       = {Fluids 2000},
  organization = {Fluids 2000, AIAA Paper 2000-2549},
  month        = {June 19-22},
  address      = {Denver, CO},
}

@PHDTHESIS{Oijen82,
  author       = {J. A. van Oijen},
  title        = {Flamelet-Generated Manifolds: Development and Application to Premixed Laminar Flames},
  school       = {Eindhoven University of Technology},
  year         = 2002,
  address      = {Eindhoven, The Netherlands},
}

@ARTICLE{Oijen81,
  author       = {J. A. van Oijen and L. P. H. de Goey},
  title        = {Modelling of Premixed Laminar Flames Using Flamelet-Generated Manifolds},
  journal      = {Combustion Science and Technology},
  year         = 2000,
  volume       = 161,
  pages        = {113-137},
}

@ARTICLE{Patterson36,
  author       = {A. Kyne and P.M. Patterson and M. Pourkashanhian and A. Williams and C. W. Wilson},
  title        = {Combustion of Kerosene in Counter-Flow Diffusion Flames},
  journal      = {Journal of Propulsion and Power},
  year         = 2000,
  volume       = 16,
  number       = 2,
  pages        = {453-460},
}

@ARTICLE{Peters98,
  author       = {N. Peters},
  title        = {Laminar Diffusion Flamelot Models in Non-Premixed Turbulent Combustion},
  journal      = {Progress in Energy and Combustion Science},
  year         = 1984,
  volume       = 10,
  pages        = {319-339},
}

@BOOK{Peters113,
  author       = {N. Peters},
  title        = {Turbulent Combustion},
  publisher    = {Cambridge University Press},
  address      = {Cambridge, UK},
  year         = 2000,
}

@ARTICLE{Pitsch114,
  author       = {H. Pitsch and E. Riesmeier and N. Peters},
  title        = {Unsteady Flamelet Modelling of Soot in Turbulent Diffusion Flames},
  journal      = {Combustion Science and Technology},
  year         = 2000,
  volume       = 158,
  pages        = {389-406},
}

@ARTICLE{Pope116,
  author       = {S. B. Pope},
  title        = {{PDF} Methods for Turbulent Reacting Flows},
  journal      = {Progress in Energy and Combustion Science},
  year         = 1984,
  volume       = 11,
  pages        = {119-195},
}

@ARTICLE{Pope117,
  title        = {Computations of Turbulent Combustion: Progress and Challenges},
  year         = 1990,
  author       = {S. B. Pope},
  volume       = 23,
  journal      = {Proceedings of the Combustion Institute},
  pages        = {591-612},
  organization = {The Combustion Institute},
}

@BOOK{Pope179,
  author       = {S. B. Pope},
  title        = {Turbulent Flows},
  publisher    = {Cambridge University Press},
  address      = {Cambridge, UK},
  year         = 2000,
}

@CONFERENCE{Rawat55,
  title        = {Parallelization and Integration of Fire Simulations in the {U}intah {PSE}},
  year         = {March 2001},
  author       = {R. Rawat and S. G. Parker and P. J. Smith and C. R. Johnson},
  organization = {Proceedings of the Tenth SIAM Conference on Parallel Processing for Scientific Computing, SIAM},
  address      = {Portsmouth, VA},
  month        = {March 12-14},
  source       = {},
}

@CONFERENCE{Rawat68,
  title        = {A New {LES} Pool Fire Simulation Tool},
  year         = 2001,
  organization       = {Proceedings of IMECE'01 International Mechanical Engineering Congress and Exposition, ASME},
  author       = {R. Rawat and J. Spinti and W. Yee and P.J. Smith},
  address      = {New York, NY},
  month        = {November 11-16},
  organization = ASME,
}

@CONFERENCE{Rawat69,
  title        = {Parallelization of a Large Scale Hydrocarbon Pool Fire in the {U}intah {PSE}, },
  year         = 2002,
  organization       = {Proceedings of IMECE'02 International Mechanical Engineering Congress and Exposition, ASME, IMECE2002-33105},
  author       = {R. Rawat and J.P. Spinti and W. Yee and P.J. Smith},
  address      = {New Orleans, LA},
  month        = {November 17-22},
  organization = ASME,
}

@ARTICLE{Reagan171,
  author       = {M. T. Reagan and H. N. Najm and B. J. Debusschere and O. P. Le Ma\^{i}tre and O. M. Knio and R. G. Ghanem},
  title        = {Spectral Stochastic Uncertainty Quantification in Chemical Systems},
  journal      = {Combustion Theory and Modelling},
  year         = 2004,
  volume       = 8,
  pages        = {607-632},
}

@ARTICLE{Reagan172,
  author       = {M. T. Reagan and H. N. Najm and P. P. Pebay and O. M. Knio and R. G. Ghanem},
  title        = {Quantifying Uncertainty in Chemical Systems Modeling},
  journal      = {International Journal of Chemical Kinetics},
  year         = 2005,
  volume       = 37,
  pages        = {368-382},
}

@ARTICLE{Richter44,
  title        = {Detailed Modeling of PAH and Soot Formation in a Laminar Premixed Benzene/Oxygen/Argon Ion-Pressure Flame},
  year         = 2005,
  author       = {H. Richter and S. Granata and W. H. Green and J. B. Howard},
  journal      = {Proceedings of the Combustion Institute},
  volume       = 30,
  pages        = {1397-1405},
  organization = {The Combustion Institute},
}

@ARTICLE{DeRis2,
  author       = {J. {De Ris}},
  journal       = {Proceedings of the Combustion Institute},
  title        = {Fire Radiation-A Review},
  year         = 1979,
  pages        = {1003-1016},
  volume       = 17,
  organization = {The Combustion Institute},
}

@ARTICLE{Parker71,
  author       = {S.Parker and D. Beazley and C. Johnson},
  title        = {Computational Steering Software Systems and Strategies},
  journal      = {IEEE Computational Science and Engineering},
  year         = 1997,
  volume       = 4,
  number       = 4,
  pages        = {50-59},
}

@BOOK{Sagaut157,
  author       = {P. Sagaut},
  title        = {Large-Eddy Simulation for Incompressible Flows: An Introduction},
  publisher    = {Springer-Verlag},
  address      = {Berlin},
  year         = 2001,
}

@INPROCEEDINGS{Sarofim149,
  title        = {Radiative Transfer in Combustion Chambers: Influence of Alternative Fuels},
  year         = 1978,
  author       = {A. F. Sarofim and H. C. Hottel},
  publisher    = {Proceedings of the Sixth International Heat Transfer Conference, {\bf 6}, Hemisphere Publishing},
  source       = {},
  address      = {Washington, DC},
  pages        = {199-217},
}

@ARTICLE{Saxena122,
  author       = {V. Saxena and S. B. Pope},
  title        = {{PDF} Simulations of Turbulent Combustion Using Detailed Chemistry},
  journal      = {Combustion and Flame},
  year         = 1999,
  volume       = 117,
  pages        = {340-350},
}

@TECHREPORT{Schmidt58,
  author       = {R. C. Schmidt and T. M. Smith and P. E. DesJardin and T. E. Voth and M. A. Christon and A. R. Kerstein and S. E. Wunsch},
  title        = {On the Development of the Large Eddy Simulation Approach for Modeling Turbulent Flow: {LDRD} Final Report},
  institution  = {SAND2002-0807, Sandia National Laboratories},
  year         = 2002,
  address      = {New Mexico and California},
  note         = {},
}

@ARTICLE{Schulz19,
  author       = {W. Schulz},
  title        = {Oxidation Products of a Surrogate {JP-8} Fuel},
  journal      = {Preprints, Division of Petroleum Chemistry},
  year         = 1992,
  volume       = 37,
  pages        = {383-392},
}



@article{Shaddix-char-reaction,
	Author = {J.J. Murphy and C.R. Shaddix},
	Date-Added = {2012-08-16 22:56:32 +0000},
	Date-Modified = {2012-08-16 22:58:08 +0000},
	Journal = {Combustion and Flame},
	Keywords = {oxy coal, char reaction rate},
	Number = {4},
	Pages = {710-729},
	Title = {Combustion kinetics of coal chars in oxygen enriched environments},
	Volume = {144},
	Year = {2006},
}

@article{Yamamoto-2011,
	Author = {K. Yamamoto and T. Murota and T. Okazaki and M. Taniguchi},
	Date-Added = {2012-08-16 22:47:44 +0000},
	Date-Modified = {2012-08-16 22:49:42 +0000},
	Journal = {Proceedings of the Combustion Institute},
	Keywords = {LES, coal combustion},
	Number = {2},
	Pages = {1771-1778},
	Title = {Large eddy simulation of a pulverized coal jet flame ignited by a preheated gas flow},
	Volume = {33},
	Year = {2011},
}

@TECHREPORT{Shaddix13,
  author       = {C. Shaddix and T. Williams and L. Blevins and R. Shefer and K. Jensen and J. Suo-Antilla and S. Kearney},
  title        = {Soot Formation, Transport, and Radiation in Unsteady Diffusion Flames},
  institution  = {SAND2004-5060},
  year         = 2004,
  address         = {Sandia National Laboratories},
}

@ARTICLE{Shinotake10,
  author       = {A. Shinotake and S. Koda and K. Akita},
  title        = {An Experimental Study of Radiative Properties of Pool Fires of an Intermediate Scale},
  journal      = {Combustion Science and Technology},
  year         = 1985,
  volume       = 43,
  pages        = {85-97},
}

@ARTICLE{Smagorinsky178,
  author       = {J. Smagorinsky},
  title        = {General Circulation Experiments with the Primitive Equations},
  journal      = {Monthly Weather Review},
  year         = 1963,
  volume       = 91,
  number       = 3,
  pages        = {99-106},
}

@BOOK{Smoot134,
  author       = {L. D. Smoot and P. J. Smith},
  title        = {Coal Combustion and Gasification},
  publisher    = {Plenum Press},
  year         = 1985,
  address      = {New York, NY},
}

@PHDTHESIS{Sutherland103,
  author       = {J. C. Sutherland},
  title        = {Evaluation of Mixing and Reaction Models for Large-Eddy Simulation of Nonpremixed Combustion Using Direct Numerical Simulation},
  school       = {University of Utah},
  year         = 2004,
  address      = {Salt Lake City, UT},
  month        = {May},
}

@ARTICLE{Sutherland102,
  author       = {J. C. Sutherland and C. A. Kennedy},
  title        = {Improved Boundary Conditions for Viscous, Reacting, Compressible Flows},
  journal      = {Journal of Computational Physics},
  year         = 2003,
  volume       = 191,
  number       = 2,
  pages        = {502-524},
}

@ARTICLE{Swaminathan92,
  author       = {N. Swaminathan and R. W. Bilger},
  title        = {Assessment of Combustion Submodels for Turbulent Nonpremixed Hydrocarbon Flames},
  journal      = {Combustion and Flame},
  year         = 1997,
  volume       = 116,
  pages        = {519-545},
}

@ARTICLE{Taing120,
  author       = {S. Taing and A. R. Masri and S. B. Pope},
  title        = {{PDF} Calculations of Turbulent Nonpremixed Flames of {$H_2$/$CO_2$} Using Reduced Chemical Mechanisms},
  journal      = {Combustion and Flame},
  year         = 1993,
  volume       = 95,
  pages        = {135-150},
}

@ARTICLE{Tal141,
  author       = {J. Tal and R. Ben-Zvi and A. Kribus},
  title        = {A High-Efficiency Parallel Solution of the Radiative Transfer Equation},
  journal      = {Numerical Heat Transfer B},
  year         = 2003,
  volume       = 44,
  pages        = {295-308},
}

@ARTICLE{Tieszen12,
  author       = {S. Tieszen},
  title        = {On the Fluid Mechanics of Fires},
  journal      = {Annual Review of Fluid Mechanics},
  year         = 2001,
  volume       = 33,
  pages        = {67-92},
}

@ARTICLE{Tregrossi52,
  author       = {A. Tregrossi and A. Ciajolo and R. Barbella},
  title        = {The Combustion of Benzene in Rich Premixed Flames at Atmospheric Pressure},
  journal      = {Combustion and Flame},
  year         = 1999,
  volume       = 117,
  number       = 3,
  pages        = {553-561},
}

@INPROCEEDINGS{Tsai123,
  title        = {A Finite-Mode {PDF} Model for Turbulent Reacting Flows},
  year         = 1999,
  author       = {K. Tsai and P. Gillis and S. Sen and R. O. Fox},
  pages        = {909-914},
  publisher = {Proceedings of FEDSM99, ASME/JSME Joint Fluids Engineering Conference},
  source       = {},
  address      = {San Francisco, CA},
  month        = {July},
  organization = {},
}

@ARTICLE{Tsai124,
  author       = {K. Tsai and P. Gillis and S. Sen and R. O. Fox},
  title        = {A Finite-Mode {PDF} Model for Turbulent Reacting Flows},
  journal      = {Transactions of the ASME},
  year         = 2002,
  volume       = 124,
  pages        = {102-107},
}

@ARTICLE{Maas78,
  author       = {U. Maas and S. B. Pope},
  title        = {Simplifying Chemical Kinetics: Intrinsic Low-Dimensional Manifolds in Composition Space},
  journal      = {Combustion and Flame},
  year         = 1992,
  volume       = 88,
  pages        = {239-264},
}

@ARTICLE{Veynante119,
  author       = {D. Vaynante and L. Vervisch},
  title        = {Turbulent Combustion Modeling},
  journal      = {Progress in Energy and Combustion Science},
  year         = 2002,
  volume       = 28,
  pages        = {193-266},
}

@ARTICLE{Vela7,
  author       = {I. Vela and C. Kuhr and A. Sch\"{o}nbucher},
  title        = {{CFD} Simulation of Large Hydrocarbon Pool Fires},
  year         = 2006,
  journal      = {Proceedings of the Combustion Institute},
  volume       = 31,
  organization = {The Combustion Institute},
  note         = {in press},
}

@ARTICLE{Violi37,
  author       = {A. Violi and S. Yan and E. G. Eddings and A. F. Sarofim and S. Granata and T. Faravelli and E. Ranzi},
  title        = {Experimental Formulation and Kinetic Model for {JP-8} Surrogate Mixtures},
  journal      = {Combustion Science and Technology},
  year         = 2002,
  volume       = 174,
  pages        = {399-417},
}

@ARTICLE{Wang64,
  author       = {H.Y. Wang and P. Joulain and J. Most},
  title        = {On the Numerical Modeling of Buoyancy-Dominated Turbulent Diffusion Flames by Using Large-Eddy Simulation and k-$\epsilon$ Turbulence Model},
  journal      = {Combustion Science and Technology},
  year         = 2004,
  volume       = 176,
  pages        = {1007-1034},
}

@ARTICLE{Westmoreland46,
  title        = {Tests of Published Mechanisms by Comparison with Measured Laminar Flame Structure in Fuel-Rich Acetylene Combustion},
  year         = 1988,
  author       = {P. R. Westmoreland and J. B. Howard and J. P. Longwell},
  journal      = {Proceedings of the Combustion Institute},
  volume       = 21,
  pages       = {773-782},
  organization = {The Combustion Institute},
}

@BOOK{Williams84,
  author       = {F. A. Williams},
  title        = {Combustion Theory :The Fundamental Theory of Chemically Reacting Flow Systems},
  publisher    = {Perseus Books},
  address      = Cambridge,
  year         = 1985,
  edition      = 2,
}

@ARTICLE{Wood18,
  author       = {C. Wood},
  title        = {Development and Application of a Surrogate Distillate Fuel},
  journal      = {Journal of Propulsion and Power},
  year         = 1989,
  volume       = 5,
  pages        = {399-405},
}

@ARTICLE{Xin60,
  author       = {Y. Xin and J.P. Gore and K.B. McGrattan and R.G. Rehm and H.R. Baum},
  title        = {Fire Dynamics Simulation of a Turbulent Buoyant Flame Using a Mixure-Fraction-Based Combustion Model},
  journal      = {Combustion and Flame},
  year         = 2005,
  volume       = 141,
  pages        = {329-335},
}

@INPROCEEDINGS{Kang59,
  author       = {Y.Kang and J.X. Wen and K.B. McGrattan and H.R. Baum},
  title        = {Use of a Laminar Flamelet Approach in the Large Eddy Simulation of Flame Structure at the Base of a Pool Fire},
  source       = {},
  year         = 2001,
  pages        = {743-754},
  month        = {September 17-19},
  publisher    = {Interflam 2001: International Interflam Conference, 9th Proceedings, {\bf 1}, Interscience Communications Ltd.},
  address      = {London},
}

@PHDTHESIS{Yan24,
  author       = {S. Yan},
  title        = {Formulation and Some Applications of Jet Fuel Surrogates},
  school       = {University of Utah},
  year         = 2005,
  address      = {Salt Lake City, UT},
}

@ARTICLE{Yan23,
  author       = {S. Yan and E. Eddings and A. Palotas and R. Pugmire and A. Sarofim},
  title        = {Prediction of Sooting Tendency for Hydrocarbon Liquids in Diffusion Flames},
  journal      = {Energy and Fuels},
  year         = 2005,
  volume       = 19,
  pages        = {2408-2415},
}

@INBOOK{Yan54,
  author       = {Z. Yan},
  editor       = {M. Faghri},
  title        = {Transport Phenomena in Fires},
  chapter      = {CFD Fire Simulation and Its Recent Development},
  year         = 2006,
}

@PHDTHESIS{Yeates129,
  author       = {D. R. Yeates},
  title        = {Validation of Presumed Probability Density Function Methods with the Sandia Turbulent Non-Premixed Flames},
  school       = {University of Utah},
  year         = 2005,
  address      = {Salt Lake City, UT},
  month        = {December},
}

@CONFERENCE{Yeates130,
  title        = {Joint Probability Density Function Model Validation by Experimental Flame Data},
  year         = 2005,
  author       = {D. R. Yeates and P. J. Smith},
  source       = {},
  organization = {Fall Meeting, Western States Section of The Combustion Institute, WSS/CI},
  address      = {Stanford, CA},
  month        = {October 17-18},
  note         = {Paper 05F-37},
}

@ARTICLE{Yetter104,
  author       = {R. A. Yetter and F. L. Dryer and H. Rabitz},
  title        = {A Comprehensive Reaction Mechanism for Carbon Monoxide/Hydrogen/Oxygen Kinetics},
  journal      = {Combustion Science and Technology},
  year         = 1991,
  volume       = 79,
  number       = {1-3},
  pages        = {97-128},
}

@ARTICLE{Zhang39,
  title        = {Criteria for Selection of Components for Surrogates of Natural Gas and Transportation Fuels},
  year         = 2006,
  journal      = {Proceedings of the Combustion Institute},
  volume       = 31,
  author       = {H. R. Zhang and E. G. Eddings and A. F. Sarofim},
  note         = {in press},
  organization = {The Combustion Institute},
}

@ARTICLE{Joulain17,
  title        = {The Behavior of Pool Fires: State of the Art and New Insights},
  author       = {P. Joulain},
  journal      = {Proceedings of the Combustion Institute},
  year         = 1998,
  volume       = 27,
  pages        = {2691-2706},
  organization = {The Combustion Institute},
}

@PROCEEDINGS{Kolhapure127,
  title        = {Prediction of the Polymer Product Quality and the Performance of Tubular Reactors from CFD Analysis},
  author      = {N. H. Kolhapure and R. O. Fox},
  year         = 1999,
  pages        = {1-14},
  organization = {American Institute of Chemical Engineers},
  address      = {New York, NY},
  source       = {Proceedings of Topical Session on Polymer Reaction Engineering II, AIChE Spring National Meeting},
  note         = {Paper 77a},
}

@CONFERENCE{Kramer177,
  author       = {M. A. Kramer and M. Greiner and J. A. Koski},
  title        = {Radiation Heat Transfer to the Leeward Side of a Massive Object Suspended Over a Pool Fire},
  year         = {2001},
  address      = {New York, NY},
  month        = {November 11-16},
  note         = {IMECE2001-HTD-24250},
  organization = {Proceedings of IMECE'01 International Mechanical Engineering Congress and Exposition, ASME},
}

@CONFERENCE{Mawid22,
  author       = {M. Mawid and T. Park and B. Sekar and C. Arana}, 
  title        = {Development of Detailed Chemical Kinetic Mechanisms for Ignition/Oxidation of {JP-8/Jet-A/JP-7} Fuels},
  year         = {June 2003},
  source  = {},
  organization = {Proceedings of ASME Turbo Expo 2003, ASME},
}


@ARTICLE{Smith8,
  title        = {Radiation effects on large fire plumes},
  author       = {R. K. Smith},
  journal      = {Proceedings of the Combustion Institute},
  year         = 1967,
  volume       = 11,
  pages        = {507-515},
  organization = {The Combustion Institute},
}

@MISC{167,
  title     = {http://www.ddesb.pentagon.mil/},
  author       = {{Department of Defense Explosives Safety Board}},
}

@MISC{tnfsite,
	title = {International Workshop on the Measurement of Turbulent Nonpremixed Flames, Sandia National Lab},
	author = {http://www.ca.sandia.gov/TNF/abstract.html},	
}

@MISC{168,
  title     = {http://www.sms-ink.com/services\_dot\_class1.html},
  author       = {{Safety Management Services: Tests for Class 1 Explosives}},
}

@MISC{169,
  title     = {http://ddesb.pentagon.mil/HazardClass/TB700\%20Review\%20Draft.pdf},
  author     = {{Department of Defense Explosives Safety Board: Department of Defense Ammunition and Explosives Hazard Classification Procedures}},
}

@BOOK{ASTM32,
  author       = ASTM,
  title        = {Annual Book of ASTM Standards},
  publisher    = {American Society for Testing and Materials},
  address      = {Philadelphia, PA},
  year         = 2001,
}

@ARTICLE{Blinov25,
  author       = {V. Blinov and G. Khudiakov},
  title        = {Diffusion Burning of Liquids},
  journal      = {Academy of Sciences},
  address      = Moscow,
  year         = 1961,
  pages        = {208},
  note         = {Translation NTIS AD-296762},
}

@TECHREPORT{Balay72,
  author       = {S. Balay and W. D. Gropp and L. C. McInnes and B. F. Smith},
  title        = {The Portable Extensible Toolkit for Scientific Computing (PETSc) version 29},
  institution       = {http://www.mcs.anl.gov/petsc/petsc.html},
  year         = 2000,
}

@ARTICLE{Johnson70,
  author       = {C. Johnson and S. Parker and C. Hansen and G. Kindlmann and Y. Livnat},
  title        ={Interactive Simulation and Visualization},
  year         = 1999,
  journal      = {IEEE Computer},
  volume       = 32,
  number       = 12,
  pages        = {59-65},
}

@ARTICLE{Pierce182,
  author       = {C. D. Pierce and P. Moin},
  title        ={A Dynamic Model for Subgrid-Scale Variance and Dissipation Rate of a Conserved Scalar},
  year         = 1998,
  journal      = {Physics of Fluids},
  volume       = 10,
  number       = 12,
  pages        = {3041-3044},
}

@MISC{183,
  author       = {S. Tieszen},
  title     = {http://192.84.24.155/datasite\_viv.cfm, {F}ire {S}ciences {V}alidation {D}ata},
}

@MISC{174,
  title     = {GRI-Mech 3.0, http://www.me.berkeley.edu/gri\_mech/},
  author       = {G. P. Smith and D. M. Golden and M. Frenklach and N. W. Moriarty and B. Eiteneer and M. Goldenberg and C. T. Bowman and R. K. Hanson and S. Song and W. C. Gardiner Jr. and V. V. Lissianski and Z. Qin},
}

@ARTICLE{Kang1,
  author    = {H. S. Kang and S. Chester and C. Meneveau},
  title     = {Decaying Turbulence in an Active-Grid-Generated Flow and Comparisons with Large-Eddy Simulation},
  journal   = {Journal of Fluid Mechanics},
  volume    = 480,
  pages     = {129-160},
  year      = 2003,
}

@PROCEEDINGS{McDermott1,
  author    = {R. McDermott and A. Kerstein and R. Schmidt and P. Smith},
  title     = {Characteristics of 1D Spectra in Finite-Volume Large-Eddy Simulations with 'One-Dimensional Turbulence' Subgrid Closure},
  year      = 2006,
  source    = {Proceedings of the American Physical Society, Division of Fluid Dynamics},
  month     = {November 20},
  address   = {Chicago, IL},
}

@CONFERENCE{meredith1,
  author       = {K. V. Meredith and M. W. Beckstead},
  title        ={Fast-Cookoff Modeling of HMX},
  year         = 2003,
  source       = {JANNAF Combustion Meeting},
  month        = {December},
  address      = {Colorado Springs, CO},
}

@CONFERENCE{meredith2,
  author       = {K. V. Meredith and M. W. Beckstead},
  title        ={Laser-Induced Ignition Modeling of {HMX}},
  year         = 2003,
  organization       = {JANNAF Combustion Meeting},
  address      = {Boulder, CO},
}

@MISC{meredith3,
  author       = {E. G. Eddings and W. Ciro},
  title        = {Personal communication},
  school       = {University of Utah},
  year         = 2002,
}

%FIX Editor says there is syntax error below here
@ARTICLE{Doute1999,
  author       = {C. Doute and J. L. Delfau and C. Vovelle},
  title        = {Detailed Reaction Mechanisms for Low Pressure Premixed n-Heptane Flames},
  journal      = {Combustion Science and Technology},
  year         = 1999,
  volume       = 147,
  pages        = {61-109},
}

@ARTICLE{Emdee1992,
  author       = {J. Emdee and K. Brezinsky and I. Glassman},
  title        = {A Kinetic Model for the Oxidation of Toluene Near 1200K},
  journal      = {Journal of Physics and Chemistry},
  year         = 1992,
  volume       = 96,
  pages        = {2151-2161},
}

@ARTICLE{Hwang1987,
  author       = {S. M. Hwang and W. C. Gardiner Jr. and M. Frenklach and Y. Hidaka},
  title        = {Introduction Zone Exothermicity of Acetylene Ignition},
  journal      = {Combustion and Flame},
  year         = 1987,
  volume       = 67,
  pages        = {65-75},
}

@ARTICLE{Hwang1997,
  author       = {H. Wang and M. Frenklach},
  title        = {A Detailed Kinetic Modeling Study of Aromatics Formation in Laminar Premixed Acetylene and Ethylene Flames},
  journal      = {Combustion and Flame},
  year         = 1997,
  volume       = 110,
  number       = {1-2},
  pages        = {173-221},
}

@ARTICLE{Marinov1995a,
  author       = {N. M. Marinov and P. C. Malte},
  title        = {Ethylene Oxidation in a Well-Stirred Reactor},
  journal      = {International Journal of Chemical Kinetics},
  year         = 1995,
  volume       = 27,
  pages        = {957-986},
}

@ARTICLE{Miller1982,
  author       = {J. A. Miller and R. E. Mitchell and M. D. Smooke and R. J. Kee},
  title        = {Toward A Comprehensive Chemical Kinetic Mechanism for the Oxidation of Acetylene - Comparison of Model Predictions with Results from Flame and Shock Tube Experiments},
  journal      = {Proceedings of the Combustion Institute},
  year         = 1982,
  volume       = 19,
  pages        = {181-196},
  organization = {The Combustion Institute},
}


@CONFERENCE{Marinov1995b,
  title        = {Detailed and Global Kinetics Model for Hydrogen},
  year         = {October 1995},
  author       = {N. M. Marinov and C. K. Westbrook and W. J. Pitz},
  source       = {},
  organization = {8th International Symposium on Transport Processes, Report Number CONF-9510158-1},
  address      = {San Francisco, CA},
  month        = {October},
  note         = {},
}

@ARTICLE{Miller1992,
  author       = {J. A. Miller and C. F. Melius},
  title        = {Kinetic and Thermodynamic Issues in the Formation of Aromatic Compounds in Flames of Aliphatic Fuels},
  journal      = {Combustion and Flame},
  year         = 1992,
  volume       = 91,
  pages        = {21-39},
}

@ARTICLE{Tsang1988,
  author       = {W. Tsang},
  title        = {Chemical Kinetics Data Base for Combustion Chemistry. {P}art 3. {P}ropane},
  journal      = {Journal of Physics and Chemistry Reference Data},
  year         = 1988,
  volume       = 17,
  number       = 2,
  pages        = {887-951},
}

@ARTICLE{Tsang1991,
  author       = {W. Tsang},
  title        = {Chemical Kinetics Data Base for Combustion Chemistry. {P}art 5. {P}ropene},
  journal      = {Journal of Physics and Chemistry Reference Data},
  year         = 1991,
  volume       = 20,
  number       = 2,
  pages        = {221-273},
}

@ARTICLE{Pitz1986,
  title        = {Chemical Kinetics of the High-Pressure Oxidation of Normal-Butane and Its Relation to Engine Knock},
  author       = {W. J. Pitz and C. K. Westbrook},
  year         = 1986,
  journal      = {Combustion and Flame},
  volume       = 63,
  number       = {1-2},
  pages        = {113-133},
}

@INCOLLECTION{Neoh1981,
  author       = {K. G. Neoh and J. B. Howard and A. F. Sarofim},
  editor       = {D. D. Siegla and G. W. Smith},
  title        = {Soot Oxidation in Flames},
  booktitle        = {Particulate Carbon: Formation During Combustion},
  publisher    = {Plenum},
  year         = 1981,
  address      = {New York},
  pages        = {261-282},
}

@MISC{Pitsch2005,
  author       = {H. Pitsch},
  title        = {Personal communication},
  school       = {Stanford},
  year         = 2005,
}

@ARTICLE{Leonard1974,
  title        = {Energy Cascade in Large Eddy Simulation of Turbulent Fluid Flow},
  author       = {A. Leonard},
  year         = 1974,
  journal      = {Advances in Geophysics},
  volume       = 18,
  pages        = {237-248},
}

@TECHREPORT{CRF2006,
  author       = {Y. Marzouk and H. Najm},
  title        = {Bayesian inference with detailed physical models},
  institution  = {Combustion Research Facility News, Sandia National Laboratories},
  year         = {May/June 2006, Vol. 28, No. 3},
  address      = {New Mexico and California},
  note         = {},
}

@ARTICLE{Klein2003,
  author = {M. Klein and A. Sadiki and J. Janicka},
  title = {A Digital Filter Based Generation of Inflow Data for Spatially Developing Direct Numerical or Large Eddy Simulations},
  year = {2003},  
  journal = {Journal of Computational Physics},
  volume  = {186},
  pages = {652-665},
  
}
