%% This BibTeX bibliography file was created using BibDesk.
%% http://bibdesk.sourceforge.net/


%% Created for Tony Saad at 2015-06-03 09:56:43 -0600 


%% Saved with string encoding Unicode (UTF-8) 



@article{shunn_moin2012,
	Author = {Lee Shunn and Frank Ham and Parviz Moin},
	Date-Added = {2013-03-09 14:01:20 -0700},
	Date-Modified = {2013-03-09 14:04:28 -0700},
	Journal = {Journal of Computational Physics},
	Pages = {3801-3827},
	Title = {Verification of variable-density flow solvers using manufactured solutions},
	Volume = {231},
	Year = {2012}}
