%% -*-latex-*-

%%
%%  For more information, please see: http://software.sci.utah.edu
%% 
%%  The MIT License
%% 
%%  Copyright (c) 2004 Scientific Computing and Imaging Institute,
%%  University of Utah.
%% 
%%  License for the specific language governing rights and limitations under
%%  Permission is hereby granted, free of charge, to any person obtaining a
%%  copy of this software and associated documentation files (the "Software"),
%%  to deal in the Software without restriction, including without limitation
%%  the rights to use, copy, modify, merge, publish, distribute, sublicense,
%%  and/or sell copies of the Software, and to permit persons to whom the
%%  Software is furnished to do so, subject to the following conditions:
%% 
%%  The above copyright notice and this permission notice shall be included
%%  in all copies or substantial portions of the Software.
%% 
%%  THE SOFTWARE IS PROVIDED "AS IS", WITHOUT WARRANTY OF ANY KIND, EXPRESS
%%  OR IMPLIED, INCLUDING BUT NOT LIMITED TO THE WARRANTIES OF MERCHANTABILITY,
%%  FITNESS FOR A PARTICULAR PURPOSE AND NONINFRINGEMENT. IN NO EVENT SHALL
%%  THE AUTHORS OR COPYRIGHT HOLDERS BE LIABLE FOR ANY CLAIM, DAMAGES OR OTHER
%%  LIABILITY, WHETHER IN AN ACTION OF CONTRACT, TORT OR OTHERWISE, ARISING
%%  FROM, OUT OF OR IN CONNECTION WITH THE SOFTWARE OR THE USE OR OTHER
%%  DEALINGS IN THE SOFTWARE.
%%


@InProceedings{CRJ:Sch95b,
  author =       "J.A. Schmidt and C.R. Johnson and R.S. MacLeod",
  title =        "An interactive computer model for defibrillation
                 device design",
  booktitle =    "International Congress on Electrocardiology",
  pages =        "160--161",
  publisher =    "ICE",
  year =         "1995",
}

@PhdThesis{CRJ:Sch93b,
  author =       "J. Schmidt",
  title =        "Mesh generation with applications in computational
                 electrophysiology",
  school =       "Duke University",
  year =         "1993",
  address =      "Durham, NC",
}

@Article{RSM:And93,
  author =       "E.C. Anderson and J. Dongarra",
  title =        "Performance of {LAPACK}: {A} portable library of
                 numerical linear algebra routines.",
  journal =      "Proceedings of the IEEE",
  year =         "1993",
  volume =       "81",
  number =       "8",
  robnote =      "As good a ref to LAPACK as I have found any place.",
  bibdate =      "Fri Aug 01 13:34:37 1997",
}

@InProceedings{RSM:All91,
  author =       "D.F. Allen and D.R. Haynor and G.H. Bardy",
  title =        "Visualization of 3-{D} finite element model analysis
                 of defibrillation.",
  booktitle =    c-EMBS91,
  year =         "1991",
  pages =        "774--775",
  publisher =    "IEEE",
  robnote =      "A review of a few different graphics packages that
                 this group checked out. Ape, AVS, XDataslice, and home
                 brewed stuff. They chose AVS in the end.",
}

@Article{MM:Bur94,
       author  = "Burnett, M. and Hossli, R. and Pulliam, T. and VanVoorst, B.
                       and Yang, X.",
       title   = "Toward Visual Programming Languages for Steering Scientific                        Computations",
       journal = "IEEE Computational Science and Engineering",
        volume  = "1",
        number  = "4",
        pages   = "44--62",
        year    = "1994"
}

@InProceedings{MM:Vet96,
        author  = "Vetter, J. and Schwan, K.",
        title   = "Models for Computational Steering",
        booktitle = "Proceedings of the Third International Conference on
                    Configurable Distributed Systems",
        year    = "1996"
}

@Article{MM:Gei96,
        author  = "Geist, G.A. and Kohl, J.A. and Papadopoulos, P.M.",
        title   = "Cumulvs: Providing Fault-Tolerance, Visualization and
                        Steering of Parallel Applications",
        journal = "SIAM",
        month   = "Aug.",
        year    = "1996"
}

@InProceedings{MM:Koh97,
        author  = "Kohl, J.A. and Papadopoulos, P.M. and Geist, G.A.",
        title   = "CUMULVS: Collaborative Infrastructure for Developing
                        Distributed Simulations",
        booktitle = "Proceedings of the 8th SIAM Conference on Parallel
                        Processing for Scientific Computing",
        publisher = "Minneapolis",
        month   = "Mar.",
        year    = "1997"
}

@InProceedings{MM:Vet95,
        author  = "Vetter, J. and Schwan, K.",
        title   = "Progress: A Toolkit for Interactive Program Steering",
        booktitle = "Proceedings of the 24th Annual Conference of
                        International Conference on Parallel Processing",
        year    = "1995"
}

@InProceedings{MM:Vet97a,
        author  = "Vetter, J. and Schwan, K.",
        title   = "High Performance Computational Steering of Physical
                        Simulations",
        booktitle = "Proceedings of the 11th International Parallel
                        Processing Symposium",
        publisher = "Geneva, Switzerland",
        month   = "Apr.",
        year    = "1997"
}

@InProceedings{CRJ:Joh94c,
  author =       "C.R. Johnson and S.G. Parker",
  title =        "A computational steering model for problems in
                 medicine",
  booktitle =    "Supercomputing 94",
  publisher =    "IEEE Press",
  pages =        "540--549",
  year =         "1994",
}

@InProceedings{RSM:Par95,
  author =       "S.G. Parker and C.R. Johnson",
  title =        "{SCIRun}: a scientific programming environment for
                 computational steering",
  booktitle =    "Proc ACM IEEE Supercomputing Conf",
  year =         "1995",
  volume =       "2",
  pages =        "1419--1439",
  publisher =    "IEEE, Los Alamitos, CA",
  robnote =      "We present the design, implementation and application of
                 SCIRun, a scientific programming environment that allows
                 the interactive construction, debugging and steering of
                 large scale scientific computations. ",
  bibdate =      "Sun Nov 19 18:20:45 2000",
}

@InProceedings{RSM:Par95b,
  author =       "S.G. Parker and C.R. Johnson",
  title =        "{SCIR}un: {A} scientific programming environment for
                 computational steering",
  booktitle =    "Supercomputing `95",
  pages =        "",
  publisher =    "IEEE Press",
  year =         "1995",
}

@Article{RSM:Par97,
  author =       "S.G. Parker and D.M. Beazley and C.R. Johnson",
  title =        "Computational steering software systems and
                 strategies",
  journal =      "IEEE Computational Science and Engineering",
  volume =       "4",
  number =       "4",
  pages =        "50--59",
  year =         "1997",
}

@InCollection{RSM:Par97b,
  author =       "S.G. Parker and D.M. Weinstein and C.R. Johnson",
  title =        "The {SCIR}un computational steering software system",
  booktitle =    "Modern Software Tools in Scientific Computing",
  editor =       "E. Arge and A.M. Bruaset and H.P. Langtangen",
  publisher =    "Birkhauser Press",
  address =      "",
  pages =        "1--44",
  year =         "1997",
}

@PhdThesis{CRJ:Parker99b,
  author =       "S. G. Parker",
  title =        "The {SCIR}un Problem Solving Environment and
                 Computational Steering Software System",
  school =       "University of Utah",
  year =         "1999",
}
@InProceedings{RSM:Dav2000,
  author =       "J. Davison de St. Germain and J. McCorquodale and S.G.
                 Parker and C.R. Johnson",
  title =        "Uintah: a massively parallel problem solving environment",
  booktitle =    "IEEE Int Symp High Perform Distrib Comput Proc",
  year =         "2000",
  pages =        "33--41",
  publisher =    "IEEE, Piscataway, NJ",
  robnote =      "This paper describes Uintah, a component-based visual
                 problem solving environment (PSE) that is designed to
                 specifically address the unique problems of massively
                 parallel computation on terascale computing platforms.
                 Uintah builds upon the best features
                 of the SCIRun PSE and the DoE Common Component
                 Architecture (CCA).",
  bibdate =      "Sun Nov 19 18:20:45 2000",
}


